2832 3448
427 315 524 354 lum.
556 326 596 354 v.
625 311 690 353 61.
735 321 857 363 rupes
883 316 921 351 et
941 333 984 341 —
1010 332 1053 341 -
1080 311 1208 364 Saxa]
1250 312 1410 353 Seneca
1439 312 1630 352 controv.
1667 309 1711 358 1,
1734 308 1783 358 5,
1817 321 1859 362 p.
1879 310 1954 353 94.
1983 309 2098 365 Bip.=
2140 315 2294 358 Moles
2317 316 2394 357 ab·

320 383 451 423 scissa
477 384 522 423 in
543 378 821 434 profundum,
850 377 1130 431 frequentibus
1156 384 1397 430 exasperata
1423 380 1583 420 saxia.
1616 400 1659 407 —
1679 376 1820 429 Eurip.
1848 377 2045 420 Androm.
2077 378 2177 423 839:
2205 385 2396 441 ποῦ’μοι

324 448 476 504 πυρὸς
505 444 622 503 φίλα
647 441 773 500 φλόξ
779 459 795 492 ;
818 444 930 488 Ποῦ
954 442 997 487 δ’
1025 444 1092 498 εἰς
1118 443 1292 499 πέτρας
1317 443 1476 500 ἀερθῶ
1503 443 1622 488 κατὰ
1647 443 1810 489 πόντον
1831 441 1864 497 ἢ
1891 446 2000 488 καθ’
2022 443 2139 490 ὕλαν
2163 447 2330 504 ὀρέως

423 517 516 554 lam.
557 526 597 553 v.
626 513 691 553 66.
724 514 1089 566 Acten-acquam&
1110 512 1324 563 Perfidiam
1349 513 1489 552 ridens
1511 514 1654 553 Venus.
1674 518 1712 553 et
1746 513 1912 552 remisso
1936 513 2073 556 Elim
2102 515 2224 567 areu]
2253 519 2395 572 Aeque

319 583 522 637 perfidum
552 583 692 622 ridens
717 582 862 621 Venus
891 585 1052 633 spectat
1083 580 1279 629 Poleam,
1312 579 1411 620 dum
1441 578 1666 621 Thetidem
1692 584 1854 632 raptat,
1886 579 2000 631 apud
2028 581 2240 637 liningen
2264 584 2392 635 ΠΜ

318 651 426 690 Μαι.
460 650 509 689 l.
525 647 628 689 Tab.
664 647 728 689 10.
758 653 802 689 et
838 645 997 700 Cupido
1029 645 1185 688 Ledam
1211 657 1236 687 a
1264 657 1400 700 cygno
1439 656 1720 699 compressam
1746 646 1791 687 in
1820 646 1983 700 pictura
2008 645 2260 703 Pompeiana
2286 653 2392 695 Mae

316 718 496 758 Bou-bon.
530 718 624 757 Vol.
651 718 705 758 X.
736 716 838 757 Tab.
861 715 901 756 5.

418 785 515 827 lum.
549 798 589 826 v.
619 784 683 826 71.
724 782 894 825 Cam-
914 780 1069 836 reddet]
1108 780 1403 837 Bemhardyus
1435 780 1623 836 praefert
1654 779 1756 825 Cod.
1784 781 1907 827 Bern.
1944 781 2221 836 antiquissimi
2250 781 2396 831 lectio·-

316 863 415 896 nem
440 851 596 902 reddit,
638 851 796 907 „juzu
825 850 881 894 da
909 860 954 893 er
980 848 1050 893 dir
1072 849 1345 906 preisqiebt;”
1377 859 1524 892 verum
1549 849 1653 892 scite
1683 851 1809 905 poeta
1831 853 1962 891 totam
1989 859 2079 891 rem
2112 850 2173 892 sic
2196 853 2395 897 informa·

318 920 402 970 vit,
428 924 476 961 ut
509 931 585 975 per
615 923 726 959 totas
751 919 844 959 illas
874 919 1065 973 Europae
1092 917 1284 971 querelas
1316 923 1359 957 et
1389 919 1516 957 falsus
1543 918 1730 970 luppiter
1761 919 1872 957 tauri
1894 919 2032 971 specie
2063 929 2155 957 sese
2182 923 2326 971 celans
2351 930 2394 963 et

317 1001 442 1028 verus
470 989 660 1036 abesset,
693 999 900 1038 nemoque
927 988 999 1026 eas
1025 987 1190 1026 audiret
1218 992 1388 1038 praeter
1412 988 1609 1040 εἴρωνας
1629 986 1736 1033 illos,
1766 986 2011 1038 Cupidinem
2041 992 2085 1026 et
2110 987 2333 1031 Venerem.

419 1057 514 1095 lam.
552 1069 593 1095 v.
623 1056 689 1094 75.
736 1056 914 1094 U-xor
936 1055 1042 1094 Iovis
1068 1066 1151 1094 esse
1188 1052 1332 1123 neseis]
1388 1053 1451 1094 Ad
1494 1053 1846 1094 constructionem
1883 1052 1964 1094 cfr.
2006 1053 2146 1106 Eun-ip.
2189 1054 2249 1095 El.
2294 1055 2391 1097 6⁸11:

316 1121 523 1174 ὕποπτος
547 1114 670 1165 οὖσα
695 1119 937 1178 γιγνώσκει
960 1117 1107 1165 πόλει.
2194 1149 2196 1151 »

422 1191 517 1230 lum.
551 1203 589 1230 v.
612 1188 675 1231 76.
721 1195 792 1230 tua
819 1193 948 1230 sectas
972 1188 1083 1229 orbis
1108 1187 1286 1229 Nomina
1317 1185 1448 1240 ducet]
1476 1185 1621 1229 Nullus
1648 1187 1872 1242 interpres,
1905 1187 2017 1247 quod
2048 1186 2198 1237 sciam,
2223 1193 2297 1229 aut
2321 1201 2396 1231 ex-

319 1258 489 1309 plicavit
513 1255 628 1297 hunc
657 1268 773 1297 num.
807 1257 917 1309 plur.
953 1260 1023 1296 tua
1046 1278 1088 1284 -
1113 1256 1282 1295 nomina
1314 1259 1387 1295 aut
1415 1254 1459 1294 iu
1490 1266 1541 1295 eo
1573 1254 1710 1296 haesit
1737 1260 1909 1308 praeter
1933 1252 2290 1309 Peerlkampium‚
2323 1258 2395 1309 qui

317 1324 453 1364 omnia
478 1322 579 1363 inde
610 1333 634 1363 a
660 1334 703 1363 v.
729 1322 819 1371 55.,
861 1334 965 1376 qaae
1003 1321 1128 1362 simul
1162 1326 1243 1362 cet.
1298 1321 1468 1362 Horatio
1493 1321 1772 1371 abiudicavit,
1814 1320 1883 1362 hic
1912 1322 2024 1363 inter
2055 1323 2136 1363 alia
2168 1322 2392 1365 adnotans:

317 1392 446 1441 „Non
479 1390 715 1432 laudandus
745 1394 811 1432 est
834 1391 1006 1446 pluralis
1028 1392 1197 1430 nomina
1229 1401 1306 1444 pro
1337 1390 1524 1431 nomnen?
1575 1391 1734 1431 Verum
1766 1390 1825 1431 sic
1853 1389 2020 1431 videtur
2048 1390 2393 1444 interpretatione

313 1459 624 1499 defendendus:
669 1459 894 1511 „Ubique‚
934 1458 1046 1510 apud
1080 1470 1224 1497 omnes
1262 1463 1431 1510 gentes,
1473 1469 1547 1501 sua
1586 1459 1789 1509 cuiusque
1825 1459 1968 1510 lingua
2010 1459 2290 1511 appellabitur
2321 1465 2393 1499 tuo

312 1529 508 1569 nomine!

415 1595 505 1637 OD.
531 1595 675 1636 XXIX.
715 1608 784 1636 vv.
811 1594 878 1637 129.
910 1594 976 1636 50.
1028 1594 1279 1636 Fortuna—
1303 1594 1465 1636 Lucium
1495 1591 1733 1636 insolentem
1772 1594 1913 1636 ludere
1937 1595 2145 1648 pertinax]
2183 1551 2326 1638 luven.
2351 1594 2391 1644 6,

315 1663 415 1704 608ε
456 1662 734 1716 Secretumque
760 1662 839 1704 sibi
862 1661 1034 1703 mimum
1057 1668 1184 1716 parat
1206 1660 1435 1716 (Fortuna).

423 1730 519 1771 Iam.
563 1742 604 1770 v.
633 1728 698 1771 65.
740 1730 885 1771 Tutum
908 1741 984 1783 per
1014 1730 1192 1784 Aegaeos
1219 1729 1433 1783 tumultus]
1471 1728 1685 1771 Plutarch.
1721 1729 1774 1770 de
1804 1735 1940 1783 tranq.
1973 1740 2042 1770 an.
2075 1731 2147 1771 ¹7:
2183 1729 2289 1774 Ἐάν
2323 1745 2392 1784 τις

319 1793 494 1850 ἔξωθεν
517 1794 647 1853 ἀρχὴ
681 1795 868 1848 πάθους
911 1792 1066 1851 ὥσπερ
1107 1793 1339 1852 διαδρομὴ
1374 1796 1555 1851 γένηται
1589 1795 1836 1848 σπιλάδος,
1874 1795 2091 1839 εὐσταλεῖ
2122 1797 2200 1839 καὶ
2236 1797 2392 1853 κούφῃ

315 1863 483 1919 κεραίᾳ
509 1862 813 1920 παρήνεγκεν,
841 1861 906 1917 ὥς
933 1878 1080 1918 φησιν
1095 1860 1456 1918 Ἀσκληπιάδης.

419 1932 509 1973 OD.
544 1932 672 1973 XXX.
711 1945 751 1974 v.
787 1933 824 1973 1.
846 1929 997 1985 'Exegi
1024 1931 1343 1985 mamertium]
1373 1931 1570 1973 Similiter
1599 1931 1886 1973 aeternitatem
1904 1932 2108 1995 §.ticianum
2140 1934 2392 1976 vaticinatur

316 1999 422 2041 libro
451 2011 550 2049 suo,
599 1999 671 2052 qui
695 1998 940 2040 inscribitur
976 1998 1183 2053 Imagines
1209 2000 1254 2040 C.
1286 1999 1351 2041 25,
1386 2010 1524 2052 neque
1550 1998 1750 2040 abhorret
1780 1999 1985 2041 comicum
2014 1999 2232 2046 Philoxeni
2264 2007 2391 2044 testa-

316 2072 501 2108 mentum
541 2067 654 2121 apud
689 2065 959 2108 Machaonem
987 2067 1030 2106 in
1065 2067 1197 2106 Grotii
1229 2067 1328 2105 Exc.
1376 2078 1418 2120 p.
1454 2066 1551 2106 8³1:
1615 2065 1741 2119 Τοὺς
1785 2063 2108 2125 διθυράμβους
2148 2068 2236 2113 σὺν
2260 2071 2390 2124 θεοῖς

315 2133 643 2191 καταλιμπάνω
684 2133 1030 2193 Ἠνὸρωμένους
1073 2134 1153 2177 καὶ
1191 2132 1371 2187 πάντας
1413 2134 1839 2191 ἐστεφανωμένους,
1879 2132 1964 2189 Οἱς
2011 2136 2262 2195 ἀνατίθημι
2307 2139 2390 2191 τὰς

316 2204 518 2259 ἐμαυτοῦ
545 2203 838 2259 συντρόφους
863 2201 1094 2255 Μούσας,
1117 2200 1392 2258 Ἀφροδίτην
1417 2202 1498 2245 καὶ
1523 2201 1749 2247 Διόνυσον
1773 2203 2063 2258 ἐπιτρόπους.

421 2273 514 2311 Ιιιιυ.
543 2284 584 2311 ν.
605 2273 644 2312 8.
675 2273 773 2313 dum
800 2270 1065 2331 Capitolium]
1101 2271 1263 2313 Cassius
1291 2270 1367 2311 Dio
1397 2271 1591 2324 Excerpt.
1624 2270 1759 2312 Vatic.
1787 2284 1829 2325 p.
1858 2271 1954 2312 list:
2003 2271 2237 2329 Σιβύλλης
2272 2291 2388 2333 χρη-

316 2338 438 2394 σμὸς
478 2336 705 2392 ἐφάσκετο
731 2337 1031 2383 Καπιτώλιον
1069 2336 1325 2393 κεφάλαιον
1363 2337 1555 2383 ἔσεσθαι
1591 2338 1676 2395 τῆς
1712 2338 1985 2395 οἰκουμένης
2024 2340 2169 2399 μέχρι
2193 2342 2274 2398 τῆς
2307 2343 2387 2387 τοῦ

317 2407 500 2464 κόσμου
528 2405 834 2460 καταλύσεως.

417 2476 515 2515 LIB.
542 2475 613 2515 IV.
653 2474 741 2515 OD.
767 2476 801 2517 Ι.
834 2488 874 2516 ν.
898 2476 937 2515 5.
978 2475 1102 2515 bonae
1124 2497 1166 2504 —
1194 2497 1235 2503 —
1264 2473 1510 2527 Cinarae]‚
1518 2473 1772 2527 ,”pulchrae
1812 2477 1994 2531 explicat
2029 2478 2299 2521 Ruhnkenius
2332 2481 2384 2520 ad

321 2545 411 2583 Ter.
436 2542 606 2582 Phorm.
644 2543 683 2590 1,
709 2542 758 2589 2,
785 2541 850 2581 57.
881 2544 1062 2591 Vereor,
1096 2549 1142 2583 ut
1167 2548 1298 2583 recte.
1333 2543 1416 2582 Cir.
1445 2543 1549 2596 Epp.
1577 2544 1623 2592 1,
1650 2544 1721 2592 u,
1754 2545 1818 2585 55.

421 2612 514 2651 lam.
547 2623 589 2651 v.
615 2610 679 2650 10.
714 2611 937 2661 purpureis
967 2611 1051 2652 ales
1073 2609 1268 2663 oloribus]
1304 2610 1372 2650 Sic
1407 2610 1533 2651 etiam
1558 2609 1763 2653 Pindarus
1781 2611 1836 2653 de
1861 2613 2006 2665 quovis
2026 2614 2160 2658 nitore
2186 2621 2230 2657 et
2246 2576 2384 2667 splen-

319 2677 437 2717 dore.
462 2677 544 2718 Cir.
574 2675 715 2732 (Pyth.
736 2677 776 2726 u,
803 2674 894 2715 526.
923 2676 972 2715 ll.
999 2678 1168 2730 Musca.)
1195 2682 1238 2718 et
1264 2678 1381 2717 Nem.
1405 2678 1467 2726 11,
1492 2678 1566 2718 28·
1595 2678 1644 2720 ἐν
1667 2678 2002 2734 πορφυρέοις*
1973 2694 2151 2736 ερνεσιν
2165 2681 2382 2736 (ἐλαίας).

319 2745 425 2786 Redi
444 2747 548 2785 nelle
572 2744 853 2785 Annotazioni
863 2743 922 2783 al
948 2755 1021 2783 suo
1046 2745 1287 2804 pntirambo.
1331 2745 1455 2797 spere
1475 2746 1554 2786 Ed.
1587 2747 1632 2786 di
1659 2748 1817 2788 Hilario
1846 2750 1878 2788 1.
1911 2761 1953 2802 p.
1985 2751 2077 2791 282.

422 2814 516 2852 lmn.
554 2826 594 2852 v.
624 2813 686 2853 15.
721 2818 881 2853 centum
909 2823 1016 2863 puer
1046 2812 1210 2863 artium]
1236 2813 1383 2853 Catull.
1418 2813 1489 2862 12,
1517 2813 1566 2853 8:
1594 2813 1755 2867 (Pollio)
1783 2816 1965 2867 leporum
1990 2818 2179 2858 Disertus
2206 2829 2310 2869 puer
2336 2830 2381 2856 ac

316 2879 576 2931 facetiarum.

422 2947 508 2990 OD.
537 2948 589 2989 11.
623 2960 662 2990 v.
689 2949 731 2991 7.
767 2948 912 2990 Fervet
941 2969 984 2977 -
1019 2968 1061 2976 —
1082 2945 1304 3001 Pindarus]
1334 2946 1472 2990 schol.
1509 2948 1629 2991 Pind.
1665 2950 1719 2993 ad
1752 2950 1917 3007 olymp.
1950 2954 1994 3004 1,
2022 2953 2063 2996 5.
2092 2952 2146 2996 de
2175 2951 2377 2995 Pindaro:

318 3013 499 3072 θερμός
528 3029 596 3068 τις
624 3016 686 3060 ὢν
711 3016 793 3061 καὶ
824 3013 1055 3068 notumve
1082 3013 1159 3058 ἐπὶ
1183 3012 1240 3057 τὰ
1269 3014 1485 3074 νοήματα.
1524 3018 1705 3073 Dionys.
1737 3022 1867 3075 Long.
1900 3022 1972 3072 48,
1996 3022 2048 3064 δε
2091 3021 2117 3066 ὁ
2143 3017 2378 3074 Πάνδαρος

317 3083 397 3128 καὶ
422 3083 448 3129 ό
477 3084 727 3139 Σοφοκλῆς
755 3084 828 3128 ὁτὲ
854 3083 940 3141 μὲν
966 3078 1066 3128 οἷον
1089 3081 1240 3127 πάντα
1265 3083 1562 3141 ἐπιφλέγουσι
1586 3087 1640 3143 τῇ
1667 3089 1796 3144 φορᾷ
1823 3090 1916 3132 κτλ.
