2832 3448
1189 210 1517 262 ...2⁰-

324 329 374 367 Et
399 328 459 368 sic
482 339 651 381 prorsus
674 325 753 367 Οὐ.
777 326 823 372 5,
858 324 904 373 7,
935 324 981 365 21
1002 338 1012 364 :
1041 325 1195 366 Fallax
1222 326 1416 367 historias
1437 329 1589 367 movet:
1629 323 1825 370 Frustra,
1852 335 1949 366 nam
1974 330 2055 367 cet.
2087 329 2172 369 Sat.
2201 330 2240 379 2,
2261 331 2301 380 lt,
2322 331 2394 373 21⁸:

321 396 515 437 miscebat
543 394 665 435 mella
685 393 886 432 Falerno.-
913 391 1100 432 Mendose
1129 396 1211 432 cet.

430 463 515 503 OD.
549 461 654 500 XIV.
694 472 717 499 o
740 458 870 512 plebs]
908 458 993 499 Cfr.
1019 459 1103 498 Cic.
1131 459 1254 498 Verr.
1288 460 1437 498 Aecus.
1469 460 1516 508 5,
1547 462 1622 500 It:
1651 461 1820 500 Floram
1844 466 2015 502 matrem
2037 464 2192 515 populo
2211 466 2397 519 plebique

329 534 529 572 Romanae
555 550 597 557 -
618 528 883 579 placandam.
938 527 1109 567 Servata
1142 531 1205 566 est
1233 526 1411 566 fomula
1455 526 1582 568 etiam
1620 526 1701 568 suh
1731 525 2011 579 principibus:
2054 530 2114 571 sic
2150 530 2195 571 in
2222 531 2396 585 Augusti

330 601 573 639 testamento
600 594 713 648 apud
743 593 874 635 Tacit.
906 594 1009 634 Αιιιι.
1043 593 1088 641 1,
1122 593 1171 634 8:
1210 594 1362 647 populo
1389 598 1426 633 et
1444 593 1569 646 plebi.
1611 594 1717 635 Plin.
1746 594 1904 646 Paneg.
1926 590 2000 634 52·
2029 603 2188 649 partem
2205 597 2397 650 valiqum„

325 665 467 717 populi
485 663 693 717 plebisque
718 664 2139 706 Romanae..

429 732 522 772 lum.
557 743 598 772 v.
629 730 670 772 5.
708 730 833 772 Unico
856 750 899 757 -
925 749 967 756 —
989 729 1157 783 marito]
1196 729 1286 770 Noli
1318 710 1560 770 calumniari
1596 733 1835 782 propterca,
1862 728 1975 781 quod
1997 730 2112 770 Livia
2127 732 2250 777 antea
2266 736 2396 788 nupta

326 798 407 841 fuit
430 799 599 841 Tiberio
634 798 810 845 Neroni3
854 807 993 851 neque
1025 809 1269 852 comparare
1299 797 1446 836 Catulli
1490 796 1670 844 29,12;
1715 797 1944 848 Imperator
1981 798 2123 836 unice
2140 800 2194 840 de
2221 803 2397 842 caesare

326 868 498 910 dictum.
560 890 599 896 —
647 866 759 906 Livia
797 866 888 919 ipsa
919 866 1032 920 apud
1068 868 1251 907 Cassium
1290 867 1463 905 Dionem
1496 866 1567 912 58,
1599 865 1637 904 2.
1683 870 1816 905 semet
1854 864 1956 905 dicit
1984 862 2192 919 ἀκριβῶς
2216 885 2398 926 σωφρο-

329 950 517 979 νουσαν.

430 1006 522 1043 Iam.
560 1015 600 1042 v.
631 987 696 1042 10'.
727 1003 889 1055 puellae
913 1025 955 1031 --
984 1004 1114 1042 virum
1140 1002 1338 1054 expertae]
1366 1001 1431 1042 Sic
1460 999 1572 1054 apud
1597 1000 1735 1053 Eurip.
1756 1000 1908 1041 Electr.
1940 1000 2030 1041 481.
2074 1001 2396 1054 Clytaemnestra

327 1073 415 1111 viro
445 1070 691 1112 iamdudum
715 1070 852 1111 occiso
883 1075 1093 1123 superstes
1123 1075 1297 1111 vocatur
1325 1067 1580 1124 κακόφρων
1605 1065 1771 1123 κούρα.

428 1138 518 1179 ΟΒ.
537 1138 644 1177 XVI.
671 1150 712 1177 v.
735 1138 771 1176 1.
801 1137 1010 1177 Inclusam
1035 1136 1225 1188 Danaen]
1244 1137 1357 1176 Hanc
1376 1136 1560 1177 fabulam
1577 1147 1701 1188 saepe
1724 1136 1977 1188 expressisse
1998 1136 2194 1177 videntur
2214 1138 2397 1189 pictores

329 1206 501 1257 antiqui.
560 1204 663 1243 Vide
684 1205 823 1243 Museo
844 1203 1071 1243 Borbonico
1102 1204 1152 1243 V.
1184 1204 1235 1242 11.
1264 1204 1310 1243 T.
1340 1203 1405 1244 56.
1435 1208 1478 1244 et
1507 1203 1558 1243 V.
1585 1204 1656 1244 XI.
1683 1203 1730 1253 T.
1750 1203 1815 1243 21.

429 1271 515 1312 OD.
533 1271 664 1312 XVII.
710 1283 751 1311 v.
782 1270 846 1312 15.
884 1270 996 1311 Dum
1021 1269 1145 1323 potis]
1182 1270 1390 1323 Exemplis
1416 1282 1440 1311 a
1467 1269 1655 1311 Bentleio
1698 1273 1742 1311 et
1766 1269 1995 1311 Forcelliuo
2034 1270 2168 1311 allatis
2208 1248 2316 1312 adde
2347 1285 2397 1313 ex

325 1337 491 1380 A.nthol
516 1340 606 1379 Lat.
635 1338 791 1391 Meyeri
821 1338 870 1378 N.
906 1338 1026 1378 1521·
1063 1338 1171 1378 Nam
1198 1337 1287 1391 fato
1312 1343 1473 1390 raptam
1506 1350 1589 1379 non
1619 1339 1728 1391 potis
1753 1338 1920 1391 eripere.

429 1406 517 1448 01).
544 1406 690 1449 XVIII.
728 1418 767 1446 v.
804 1407 840 1447 1.
885 1406 1049 1453 Fanne,
1081 1405 1382 1459 Nympharum]
1422 1406 1563 1459 Eurip.
1592 1406 1682 1446 Hel.
1717 1406 1815 1446 187:
1861 1404 2046 1461 Νύμφα
2075 1420 2146 1459 τις
2171 1401 2249 1449 οἶα
2273 1407 2398 1459 Ναῒς

318 1474 476 1530 ”Opem
509 1472 698 1529 φυγάδα
723 1472 864 1531 νόμον
890 1473 1200 1531 ὶεῐσαγοερὸν
1224 1473 1339 1517 Ὑπὸ
1366 1470 1417 1516 δὲ
1442 1472 1638 1529 πέτρινα
1657 1472 1847 1531 μύχατα
1868 1472 2018 1530 γύαλα
2040 1473 2203 1527 Πανὸς
2221 1474 2398 1530 ἀναβοᾷ

326 1543 529 1598 γάμους..
571 1543 707 1584 Schol.
741 1543 876 1583 Vatic.
907 1542 961 1583 ad
993 1543 1176 1583 Rhesum
1208 1554 1249 1582 v.
1282 1542 1354 1582 56:
1395 1542 1443 1584 ἐν
1467 1541 1565 1594 τοῖς
1591 1540 1724 1595 ὄρεσι
1747 1566 1767 1575 -
1791 1566 1811 1576 -
1837 1542 1952 1584 ἔνθα
1986 1541 2012 1585 ὁ
2038 1542 2148 1585 Πᾶν
2174 1539 2274 1598 ἅμα
2298 1544 2399 1594 ταῖς

329 1610 560 1668 Νύμφαις
576 1607 775 1665 συρίζω.
818 1609 1152 1651 Pulcherrimum
1167 1610 1297 1650 Fauni
1323 1610 1588 1650 slmulacrum
1615 1610 1822 1662 Pompeiis
1852 1612 2067 1663 repertum
2095 1612 2399 1664 contemplator

331 1680 375 1717 in
405 1680 542 1718 Museo
565 1679 689 1717 Borb.
715 1679 768 1717 V.
797 1679 867 1718 lx.
899 1679 945 1718 T.
970 1679 1035 1718 1⁸2.

436 1747 529 1785 Iam.
576 1758 617 1784 v.
646 1746 685 1784 2.
719 1745 800 1784 Per
825 1757 931 1786 meos
957 1744 1073 1797 fines]
1105 1745 1245 1797 Eurip.
1277 1746 1339 1785 El.
1368 1745 1467 1785 701⁸:
1502 1744 1678 1788 Πᾶνα-
1695 1769 1715 1779 -
1743 1743 1896 1799 ἀγρῶν
1920 1743 2088 1800 ταμίαν
2117 1751 2251 1787 vocat.

439 1814 535 1854 Iam.
575 1824 616 1853 v.
642 1813 681 1853 5.
731 1812 927 1866 abeasque
962 1813 1100 1865 parvis
1122 1812 1299 1865 Mequus
1337 1813 1539 1860 alumnis,
1580 1813 1617 1853 si
1655 1817 1763 1853 tener
1798 1813 1919 1865 pleno
1952 1813 2063 1853 cadit
2104 1813 2255 1854 haedus
2274 1825 2397 1860 anno,

330 1882 471 1933 Larqa
490 1893 574 1922 nec
603 1881 747 1922 desunt
779 1880 948 1920 Veneris
973 1880 1106 1920 sodali
1137 1880 1246 1920 Vina
1272 1885 1477 1927 craterae,
1518 1885 1624 1920 vetus
1649 1890 1728 1919 ara
1764 1880 1893 1920 multo
1918 1880 2068 1920 Fumat
2095 1880 2228 1934 odore]
2270 1882 2400 1922 Bern-

333 1948 492 2001 hardy:
525 1948 651 1989 Nicht
678 1947 778 1988 la'sst
801 1947 889 1987 sich
917 1947 1025 1988 nach
1051 1947 1227 1987 alumnis
1253 1948 1319 1987 ein
1353 1947 1517 1986 Comma
1547 1946 1851 1999 rechtsertiqen,
1878 1959 1923 1987 so
1951 1939 2047 1988 dass
2071 1948 2105 1988 si
2132 1953 2250 1989 tener
2274 1950 2398 2002 pleno

334 2015 446 2056 cadit
469 2014 631 2056 haedus
657 2026 766 2055 anno
792 2016 880 2053 eine
906 2015 1148 2065 Bedinqunq
1170 2016 1251 2059 sei,
1290 2026 1362 2052 von
1388 2015 1558 2052 welcher
1583 2015 1649 2053 dic
1687 2013 1852 2065 frithere
1888 2015 1996 2054 Bitte
2021 2015 2224 2068 abhdnqe5
2264 2017 2397 2056 daran

339 2084 497 2124 hindei-t
520 2083 618 2123 aber
648 2083 799 2122 sowohl
828 2083 903 2122 das
926 2080 1099 2134 prekilre
1127 2080 1360 2133 Asyndeton
1387 2085 1507 2120 vetus
1532 2092 1605 2121 ara
1630 2081 1759 2121 multo
1774 2081 1919 2122 Fumat
1939 2082 2086 2131 odore,
2115 2083 2179 2124 als
2203 2084 2310 2125 anch
2327 2085 2399 2125 der

336 2152 585 2204 abqerissene
615 2151 858 2191 Fortschritt
885 2161 963 2189 zur
996 2149 1145 2189 dritten
1181 2148 1379 2200 Strophe,·
1419 2148 1607 2189 vielmehr
1632 2148 1723 2189 hebt
1752 2150 1828 2189 mit
1853 2148 1894 2190 si
1934 2150 1998 2191 die
2032 2150 2299 2205 Schildmmq
2330 2151 2398 2194 des

339 2219 571 2259 tandtichen
601 2218 735 2258 Festcs
768 2219 814 2256 in
846 2218 982 2257 seinen
1013 2216 1219 2256 einzelnen
1246 2215 1396 2256 Scenen
1422 2228 1501 2263 an,
1538 2216 1655 2270 larga
1684 2228 1762 2257 nec
1795 2216 1919 2257 bildet
1947 2218 2024 2258 den
2050 2219 2281 2266 Nachsatz,
2309 2221 2394 2260 dem

336 2287 473 2327 fumat
498 2287 543 2324 in
564 2284 761 2338 lebhaster
783 2284 890 2325 Rede
914 2283 1001 2325 sich
1025 2284 1227 2337 zuqesellt.
1283 2284 1331 2324 In
1362 2281 1427 2324 his
1444 2284 1642 2324 nonnulla
1663 2295 1731 2324 me
1758 2295 1841 2325 non
1870 2285 1971 2326 ‘satis
1987 2285 2221 2340 intelligere
2245 2286 2391 2329 fateor.

335 2353 523 2394 Primum
546 2350 861 2405 hypotheticum
889 2351 991 2395 hoc:
1034 2352 1118 2399 „Si
1150 2357 1260 2393 tener
1285 2352 1407 2405 pleno
1442 2351 1552 2392 cadit
1586 2351 1738 2392 haedus
1777 2363 1906 2399 anno,
1945 2357 2034 2393 tum
2067 2354 2263 2396 sollemne
2293 2355 2393 2395 illud

335 2421 539 2462 rusticum
564 2419 708 2471 utique
727 2418 1019 2467 celebratur;”
1047 2419 1119 2460 sed
1144 2421 1181 2460 si
1207 2432 1291 2460 non
1312 2420 1443 2467 cadit,
1468 2418 1569 2471 quid
1593 2423 1683 2459 tum
1708 2418 1805 2460 liet?
1833 2420 1983 2468 „Nihil
1999 2421 2206 2462 omnino.”
2233 2422 2393 2463 Deinde

336 2500 464 2529 unum
495 2500 568 2528 nec
596 2486 641 2527 in
667 2486 836 2539 apodosi
860 2497 1070 2540 nunquam
1096 2486 1291 2540 equidem
1321 2486 1406 2527 vidi
1431 2499 1508 2540 pro
1533 2499 1639 2534 non‚·
1667 2485 1841 2528 deberet
1857 2488 2004 2528 saltem
2022 2499 2134 2529 esse:
2167 2502 2237 2530 nec
2252 2491 2393 2530 desunt

341 2557 457 2609 larga
487 2556 588 2595 vina
613 2559 796 2594 craterae
821 2559 857 2594 et
882 2560 986 2595 vetus
1015 2567 1091 2594 ara
1111 2559 1193 2595 cet.

439 2623 526 2664 OD.
557 2622 668 2662 XIX.
702 2633 742 2662 v.
770 2620 834 2662 12.
863 2621 1079 2662 Miscentur
1102 2622 1258 2675 cyathis
1287 2622 1438 2674 pocula
1467 2621 1699 2674 commodis]
1737 2623 1784 2663 In
1808 2622 1884 2663 Ed.
1911 2623 2067 2665 maiore
2106 2630 2272 2666 secutus
2303 2635 2392 2663 sum

339 2688 649 2730 Mitscherlichii
674 2688 1077 2742 interpretationem:
1122 2694 1208 2738 „ut
1234 2688 1434 2741 cuiusque
1474 2688 1631 2742 potoris
1662 2689 1840 2743 iugenio.
1862 2701 1911 2730 ac
1946 2690 2104 2732 viribus
2134 2689 2392 2732 commodum

339 2758 440 2812 erit:
457 2758 480 2772 ’³
522 2768 617 2798 nam
640 2756 989 2810 noeringianam:
1040 2757 1263 2805 ,‚modicis,
1291 2768 1371 2798 nec
1400 2756 1522 2796 nimis
1546 2757 1763 2810 magnis:”
1798 2757 2060 2799 arbitrariam
2091 2771 2181 2800 esse
2213 2770 2296 2797 ιιοιι
2326 2770 2392 2797 me

339 2826 518 2868 latebat.-
561 2826 680 2866 Nunc
702 2829 844 2865 autem
868 2821 1062 2877 praefero
1087 2835 1198 2874 eam,
1223 2836 1368 2878 quam
1398 2823 1573 2877 praehet
1597 2825 1849 2867 Forcellinus
1880 2830 1923 2867 et
1952 2826 2117 2868 Freund
2146 2826 2190 2866 in
2210 2825 2389 2867 Lexicis:

346 2893 536 2945 ,‚plenis,
577 2891 800 2947 integris’'‚
842 2890 1065 2934 dummodo
1102 2891 1259 2945 primae
1296 2889 1609 2947 significationis
1645 2893 1751 2935 ratio
1794 2891 2019 2935 habeatur:
2077 2892 2267 2946 „quibus
2297 2903 2390 2933 cum

344 2960 464 3001 modo
488 2973 612 3014 quem
637 2959 797 3003 hahere
828 2959 985 3002 debent
1011 2959 1256 3008 convenit;”
1289 2960 1400 3015 „qui
1426 2960 1576 3003 iustam
1602 2959 1760 3003 habent
1790 2962 2073 3003 mensuram.”

447 3028 539 3068 lum.
570 3042 612 3070 v.
644 3028 709 3071 16.
744 3028 892 3072 Gratia
920 3027 1054 3070 Nndis
1084 3028 1225 3070 intucta
1249 3028 1468 3083 sororibus]
1497 3028 1603 3071 Vide
1632 3028 1955 3083 pulcherrimam
1975 3031 2183 3072 nudarum
2205 3038 2390 3068 sororum

339 3096 563 3151 imaginem
583 3096 626 3135 in
655 3096 818 3147 pictura
841 3096 1094 3149 Pompeiana
1120 3097 1227 3137 Mus.
1254 3097 1428 3138 Borbon.
1458 3098 1565 3138 VIII.
1598 3098 1699 3140 Tab.
1727 3098 1766 3138 5.
1801 3097 1985 3139 visconti
1997 3099 2134 3138 Museo
2151 3094 2382 3135 Pio-clem.
