2832 3448
1224 177 1548 229 ...82—

444 299 538 337 inm
567 310 606 336 v
631 296 691 334 40.
727 295 973 334 Romana—
992 291 1162 342 Militia]
1198 293 1304 332 Plin.
1335 296 1491 347 Paneg.
1525 296 1596 334 81:
1632 294 1738 334 Olim
1765 293 1860 331 haec
1896 296 2143 346 experientia
2174 297 2408 343 iuventutis,

342 366 439 404 haee
471 365 655 414 voluptas
679 365 790 400 erat:
819 359 884 398 his
909 358 1069 398 artibus
1106 358 1244 410 latiari
1270 360 1390 399 duces
1428 361 1735 407 imbuebantur,
1771 364 1922 399 certare
1948 373 2039 401 eum
2062 361 2282 433 fuqacibus
2306 364 2409 416 feris

342 444 488 479 cursa,
517 441 608 471 eum
635 426 860 469 audacibus
886 425 1052 474 robore,
1076 438 1168 467 cum
1194 426 1360 467 callidis
1387 433 1481 467 asta
1512 434 1594 470 cet.

441 515 534 553 imo.
576 524 616 554 v.
649 511 715 552 55.
750 510 796 552 Si
823 516 858 551 te
888 510 972 551 alio
999 521 1172 563 pravum
1206 508 1436 562 detorseris]
1479 511 1595 553 Inter
1625 524 1719 561 eos,
1763 508 1832 566 qui
1855 511 2092 555 maluerunt
2116 525 2289 567 pravus,
2330 515 2411 555 fuit

338 584 460 625 etiam
480 581 664 623 Vossius,
719 580 852 633 Saepe
882 579 926 620 in
960 577 1113 619 talibus
1138 577 1367 620 haeserunt
1394 578 1558 627 Critici;
1587 580 1667 630 ita,
1703 593 1797 622 cum
1827 581 1964 634 Eurip.
1997 581 2149 624 Troad.
2184 582 2274 623 228.
2307 595 2409 635 per-

338 662 461 704 quam
485 649 653 704 poetice
689 648 882 690 dixisset:
926 645 976 690 ‘0
998 642 1177 702 ’ξανθὰν
1204 644 1372 704 χαίταν
1394 646 1665 710 πυρσαίνων
1688 650 1900 705 Κρᾶθις,
1936 648 1979 690 id
2010 654 2095 698 est,
2139 647 2256 694 οὕτω
2294 665 2408 704 πυρ-

340 718 508 761 σαίνων
534 715 651 761 ὥστε
677 714 856 772 ξανθὰν
880 714 1112 769 γενέσθαι,
1138 715 1324 768 pedestri
1344 714 1468 755 modo
1496 716 1721 759 voluerunt
1740 716 2013 772 πορσαίνων.

442 805 538 843 inm.
581 816 621 842 v.
647 801 710 842 65.
752 799 946 853 Mundus]
997 799 1215 853 Philippus
1249 799 1291 839 in
1325 798 1468 839 ‘Grotii
1511 799 1609 840 Exc.
1644 813 1685 853 p.
1720 802 1818 842 825:
1861 801 1950 856 Μη
1977 802 2254 854 πολυτελῶς,
2293 803 2408 846 ἀλλὰ

340 870 628 925 καθαρείως,
655 867 747 913 ὅττι
774 866 848 911 ἄν.

441 957 533 994 lum.
567 967 608 993 v.
634 953 700 993 79.
739 954 904 993 divinae
938 953 1191 1005 particulam
1231 951 1372 1003 aarae]
1409 950 1492 990 Cfr.
1527 951 1691 992 Arrian.
1727 952 1860 1005 Epict.
1896 955 1942 1002 1,
1981 954 2040 994 m.
2082 966 2122 1006 p.
2150 953 2215 995 81.
2268 953 2404 996 Sehw.

340 1024 399 1063 ld.
429 1023 476 1071 2,
504 1023 545 1062 8.
579 1034 621 1075 p.
653 1020 744 1061 265.
780 1020 944 1060 Maxim.
972 1021 1069 1072 Tyr.
1090 1020 1136 1068 lt,
1165 1020 1212 1059 7:
1243 1015 1492 1072 ἄνθρωπός
1510 1017 1634 1060 ἐστιν
1660 1016 1774 1072 ζῷόν
1790 1034 1833 1062 τι
1858 1020 1906 1063 ἐν
1923 1020 2123 1075 μεθορίῳ
2143 1020 2409 1078 τεταγμένον

340 1089 419 1132 καὶ
445 1088 577 1144 παρὰ
603 1089 688 1144 μὲν
717 1086 891 1142 θνητῆς
916 1084 1202 1142 πλημμύρας
1240 1085 1289 1129 τὸ
1318 1086 1452 1139 σῶμα
1478 1085 1609 1140 ἔχον,
1636 1086 1688 1128 ἐκ
1715 1085 1766 1128 δὲ
1795 1087 1876 1130 τοῦ
1903 1086 2135 1131 ἀθανάτου
2165 1087 2407 1142 ἀπορῤοῆς

338 1157 415 1200 τὸν
441 1157 548 1200 νοῦν
573 1153 823 1211 λαμβάνον.

441 1243 535 1281 inm.
568 1253 608 1280 v,
636 1239 724 1280 128.
762 1237 961 1290 nituistis]
1005 1238 1070 1277 Sic
1103 1237 1310 1291 Diogenes
1332 1236 1563 1285 nonnullis,
1600 1237 1671 1289 qui
1699 1250 1795 1278 eum
1820 1239 2144 1287 miserabantur,
2177 1246 2405 1282 monstrare

337 1308 495 1349 solebat
520 1306 569 1351 τὸ
600 1304 830 1361 σωμάτιον
858 1304 1085 1358 στίλβον
1111 1304 1191 1347 καὶ
1221 1303 1632 1361 συνεστραμμένον.
1662 1305 1826 1348 Arrian.
1858 1308 1991 1359 Epict.
2023 1309 2067 1356 ί,
2100 1308 2163 1348 2'1.
2198 1321 2239 1360 p.
2264 1309 2351 1349 425.

436 1376 530 1416 imo.
577 1387 617 1415 v.
645 1374 734 1416 129.
776 1374 884 1415 Nam
914 1374 1111 1426 propriae
1151 1371 1325 1426 telluris]
1364 1372 1540 1414 Prorsus
1583 1371 1761 1415 eandem
1806 1374 2055 1417 sententiam
2089 1387 2140 1416 ex
2179 1375 2406 1417 Stoicorum

337 1444 489 1485 scholis
514 1444 735 1497 repetitam
758 1442 955 1496 proponit
975 1441 1181 1482 Lucianus
1205 1441 1365 1495 Nigrin.
1394 1440 1459 1481 26.

436 1513 545 1552 SAT.
578 1513 649 1551 111.
683 1524 723 1551 v.
745 1512 809 1550 Η.
838 1510 1079 1562 Menandro]
1108 1510 1354 1562 Neglectum
1380 1509 1533 1548 mansit
1554 1508 1693 1548 adhuc
1720 1510 1863 1549 Dionis
1882 1511 2092 1563 Chrysost.
2111 1511 2163 1551 de
2184 1511 2408 1551 Menandro

333 1579 533 1620 iudicium
556 1579 630 1619 Or.
654 1579 716 1619 18.
737 1591 779 1630 p.
801 1577 891 1617 476.
907 1579 979 1618 R.:
1009 1577 1097 1619 τῶν
1122 1576 1206 1633 μὲν
1234 1574 1292 1632 δη
1319 1576 1521 1630 ποιητῶν
1549 1575 1948 1632 συμβουλεύσαιμ’
1975 1576 2034 1620 ἄν
2055 1592 2131 1621 σοι
2148 1577 2408 1633 Μενάνδρῳ

335 1662 381 1689 τε
408 1648 466 1700 τῴ
496 1646 682 1701 κωμικῷ
712 1645 776 1701 μὴ
808 1643 1052 1699 παρέργως
1092 1643 1383 1701 ἐντυγχάνειν
1412 1644 1493 1686 καὶ
1519 1640 1753 1700 Εὐριπίδῃ
1790 1644 1850 1699 τῷ
1886 1645 2085 1702 τραγικῷ
2122 1647 2216 1688 κτλ.
2240 1671 2259 1680 -
2290 1671 2308 1680 -
2332 1643 2410 1702 ἥτε

337 1715 426 1771 γὰρ
453 1714 534 1758 τοῦ
563 1710 846 1766 Μενάνδρου
889 1712 1086 1769 μίμησις
1123 1709 1326 1765 ἅπαντος
1365 1711 1516 1768 ἤθους
1558 1711 1637 1754 καὶ
1671 1710 1867 1769 χάριτος
1904 1712 2061 1756 πάσαν
2099 1714 2409 1769 ὑπερβέβληκε

336 1783 418 1836 την
445 1780 679 1834 δεινότητα
706 1781 794 1822 τῶν
818 1781 1030 1822 παλαιῶν
1056 1780 1273 1832 κωμικῶν
1300 1780 1393 1820 κτλ.

437 1850 532 1890 inm.
567 1862 608 1889 v.
645 1848 707 1890 19.
749 1848 888 1889 aliena
913 1848 1075 1900 neqotia
1104 1860 1227 1894 curo,
1273 1847 1477 1888 Est-cussus
1510 1846 1708 1899 propriis]
1750 1847 2029 1903 Περιεργίας
2069 1849 2148 1890 καὶ
2172 1851 2407 1903 πολυπρα-

334 1914 572 1974 γμοσύνης
618 1927 642 1957 a
679 1915 889 1969 plerisque
927 1913 1275 1956 insimulabantur
1317 1912 1553 1955 huiusmodi
1598 1914 1723 1955 Stoici
1766 1920 1809 1955 et
1847 1916 2011 1968 Cynici3
2061 1916 2258 1957 adversus
2294 1918 2404 1968 quod

335 1985 491 2024 crimen
521 1984 580 2023 ita
608 1995 680 2023 eos
711 1981 900 2023 defendit
920 1982 1133 2034 Epictetus
1164 1981 1275 2032 apud
1312 1981 1535 2020 Arrianum
1565 1981 1612 2028 5,
1643 1981 1714 2020 22:
1764 1981 1969 2033 τοιοῦτος
2010 1982 2066 2026 οὐ
2101 1982 2154 2024 τὰ
2185 1981 2405 2039 ἀλλότρια

335 2049 727 2106 πολυπραγμονεῖ,
752 2046 861 2092 ὅταν
885 2047 941 2090 τὰ
967 2045 1239 2102 ἀνθρώπινα
1265 2047 1517 2102 ἐπισκοπῇ,
1543 2045 1662 2090 ἀλλὰ
1689 2046 1744 2090 τὰ
1772 2044 1881 2090 ἴδια.

438 2121 529 2159 lmn.
560 2132 599 2158 v.
630 2118 694 2159 55.
728 2118 848 2158 iussit
873 2117 1095 2169 sapientem
1110 2127 1276 2168 pascere
1296 2114 1479 2168 barbam]
1506 2115 1702 2156 Similiter
1726 2115 1770 2155 in
1789 2116 1949 2157 Stoicos
1959 2117 2176 2159 iocabatur
2191 2121 2406 2161 Mucianus

337 2186 451 2241 apud
467 2187 785 2240 Vespasianum:
817 2183 881 2237 ῶς
906 2180 976 2228 ὅτι
1003 2181 1277 2247 αὐχήματος
1305 2182 1439 2226 κενοῦ
1467 2183 1557 2225 εἰσι
1581 2183 1943 2240 πεπληρωμένοι·
1982 2184 2069 2228 κᾶν
2100 2185 2177 2229 τὸν
2209 2185 2406 2241 πώγωνά

334 2270 404 2308 τις
429 2252 578 2296 αὐτῶν
600 2253 722 2309 καθῇ
751 2251 832 2295 καὶ
856 2250 938 2304 τὰς
964 2248 1153 2306 ὀφρύας
1180 2248 1450 2306 ἀνασπάσῃ,
1480 2249 1528 2294 τό
1560 2264 1606 2293 τε
1629 2248 1870 2306 τριβώνιον
1895 2250 2182 2307 ὰναβάληται
2199 2253 2279 2297 καὶ
2296 2253 2402 2298 ἀνυ-

335 2320 537 2378 πόδητος
563 2318 746 2377 βαδίσῃ,
776 2320 925 2375 σοφὸς
954 2318 1121 2372 εὐθὺς,
1145 2315 1371 2373 ἀνδρεῖος,
1396 2315 1576 2372 δίκαιός
1603 2332 1749 2373 φησιν
1772 2316 1890 2363 εἶναι
1915 2319 1996 2363 καὶ
2018 2321 2129 2364 πνεῖ
2148 2322 2230 2375 ἐφ’
2257 2324 2400 2377 ἑαυτῷ

337 2392 466 2448 μέγα,
486 2388 577 2432 κᾶν
602 2388 651 2431 τὸ
679 2389 915 2443 λεγόμενον
940 2385 999 2442 δη
1031 2387 1159 2430 τοῦτο
1186 2385 1300 2444 μήτε
1330 2384 1579 2444 γράμματα
1611 2384 1725 2443 μήτε
1764 2387 1854 2431 νεῖν
1893 2386 2142 2431 ἐπίσταται.
2183 2390 2261 2432 Dio
2288 2393 2399 2433 Cass.

338 2462 434 2497 Exc.
470 2459 566 2496 Vat.
598 2469 641 2508 p.
675 2457 760 2494 ills.
789 2457 896 2507 Lips.
934 2456 1088 2494 Similia
1124 2455 1302 2507 praebet
1322 2455 1527 2493 Lucianus
1552 2455 1596 2493 in
1627 2454 1828 2495 Eunucho
1856 2456 1896 2496 8.

437 2528 532 2564 lum.
570 2537 610 2563 v.
640 2524 706 2562 85.
753 2523 1003 2574 Anticyram]
1033 2522 1186 2562 Eadem
1218 2522 1425 2573 scriptura
1453 2526 1588 2561 exstat
1618 2522 1729 2575 apud
1749 2522 1962 2564 Plutarch.
1990 2524 2042 2564 de
2069 2526 2206 2567 cohib.
2241 2528 2304 2566 Ira
2327 2526 2397 2566 15:

341 2595 420 2649 τὴν
441 2593 608 2648 μανίαν
634 2590 751 2645 αὐτη
779 2591 885 2630 καθ’
915 2590 1054 2643 αὑτὴν
1079 2589 1109 2645 ἦ
1133 2590 1372 2642 Ἀντίκυρα
1404 2588 1666 2643 θεραπεύει.
2162 2629 2164 2631 ,

444 2662 535 2701 lum.
582 2674 621 2700 v.
651 2659 716 2700 95.
761 2656 947 2709 perisset]
984 2658 1073 2708 lpse
1109 2658 1318 2698 Bentleius
1362 2657 1623 2709 improbabat
1659 2659 1753 2698 lect.
1791 2661 1946 2711 periret
1979 2671 2002 2698 a
2036 2673 2079 2701 se
2114 2662 2157 2701 in
2200 2666 2397 2701 contextu

342 2729 542 2771 relictam.

440 2798 535 2838 lum.
572 2808 613 2837 v.
648 2795 735 2837 tot.
780 2794 827 2836 Si
848 2793 939 2848 quis
965 2796 1070 2833 emat
1094 2791 1292 2841 citharas,
1323 2797 1477 2846 emptas
1508 2800 1720 2846 comportet
1745 2797 1790 2836 in
1811 2795 1953 2848 antem]
1992 2797 2123 2838 Etiam
2149 2795 2228 2837 hoc
2245 2798 2396 2838 mirum

311 2864 316 2868 ’
344 2866 575 2919 exemplum
606 2876 657 2905 ex
687 2863 921 2905 Stoicorum
951 2858 1118 2901 officina
1148 2858 1310 2901 videtur
1339 2860 1641 2914 depromptum.
1684 2863 1848 2905 Arrian.
1890 2864 2021 2917 Epict.
2054 2865 2102 2912 [ι
2135 2864 2173 2906 8.
2217 2878 2258 2918 p.
2293 2865 2392 2906 652:

344 2930 494 2985 οὐδεὶς
520 2931 635 2987 ἐρεῖ,
659 2930 762 2988 Ἐγώ
791 2926 1020 2984 μουσικός
1047 2927 1163 2984 εἰμι,
1190 2924 1248 2969 ἂν
1264 2928 1495 2984 πλῆκτρον
1510 2927 1589 2971 καὶ
1612 2929 1814 2986 κιθάραν
1837 2929 2061 2988 άγοράση.
2088 2932 2166 2973 Dio
2184 2932 2392 2985 Chrysost.

343 3001 417 3043 Or.
444 2999 506 3040 lo.
534 3012 576 3053 p.
608 2998 697 3040 502.
725 3000 798 3040 R.:
833 2995 951 3040 ἀλλὰ
987 2993 1163 3052 κιθάρᾳ
1198 2993 1427 3053 χρήσαιτο
1457 2994 1513 3040 ἂν
1545 2995 1571 3041 o‘
1612 2995 1848 3054 ἄμουσος,
1881 2998 1912 3055 ἢ
1943 3000 2193 3057 ἐπιχειρῶν
2218 2997 2303 3043 οὐκ
2337 2998 2395 3044 ἄν

342 3070 413 3124 εἴη
440 3066 798 3125 καταγέλαστος;
824 3068 918 3109 κτλ.
