2832 3448
1211 200 1538 252 ...28-

336 316 454 360 dicte
481 318 547 375 μή
574 313 819 365 νουθεσίας
846 313 1025 369 τυχεῖν;
1068 315 1177 354 Max.
1207 317 1305 369 Tyr.
1338 319 1387 364 2,
1417 319 1465 356 5:
1513 317 1735 372 τύραννον
1763 318 1851 371 μὲν
1873 318 1927 374 τῇ
1955 315 2107 372 φύσει,
2145 315 2330 373 ἰδιώτην
2364 316 2414 362 δὲ

339 387 395 441 τῇ
420 382 715 438 δυστυχίᾳ.

441 468 533 505 lum.
576 476 619 502 ν.
638 463 704 503 96.
745 468 791 501 ut
818 474 859 502 se
885 462 979 502 Non
1003 474 1186 514 unquam
1215 474 1331 502 servo
1356 463 1503 503 melius
1533 467 1712 518 vestiret]
1749 477 1915 518 „quam
1947 467 2130 508 servulos
2158 467 2296 508 suos.’‘
2336 469 2416 509 Ar-

341 535 445 574 rian.
486 531 620 583 Epict.
650 531 695 577 4,
727 530 744 569 1
767 561 778 578 ,
809 530 874 570 57.
910 529 1099 578 libertus,
1133 540 1259 581 quem
1289 528 1497 570 libertatis
1530 531 1710 585 adeptae
1737 532 1946 586 poenitet:
1983 532 2026 576 tl
2051 531 2138 590 γάρ
2164 548 2243 590 μοι
2269 533 2415 579 κακὸν

337 598 420 657 ἧν;
443 598 619 651 ἄλλος
649 597 706 654 μ’
735 593 979 648 ἐνέδυεν,
1003 594 1145 650 ἄλλος
1169 598 1224 654 μ’
1251 593 1428 647 ὑπέδει,
1456 594 1600 652 ἄλλος
1627 599 1838 655 ἔτρεφεν,
1863 597 2007 654 ἄλλος
2032 599 2308 659 ένοσοκόμει.

440 681 549 722 SAT.
578 681 631 720 11.
666 692 709 721 v.
729 678 794 720 50.
828 679 953 720 olenti
978 679 1022 718 in
1044 676 1204 731 fornice
1232 676 1419 731 stantem]
1448 677 1527 718 Dio
1547 676 1759 732 chrysost.
1786 680 1860 722 Or.
1881 681 1920 722 7.
1948 693 1990 734 p.
2011 681 2102 724 268.
2124 684 2195 725 R.:
2227 680 2414 740 σώματα

334 746 642 805 ἀργυρώνητα
665 747 742 790 ἐπ’
767 743 971 803 αἰσχύνῃ
996 744 1310 801 προϊστάντας
1337 745 1413 788 ἐπ’
1440 744 1704 802 οἰκημάτων
1729 745 1969 802 ῥυπαρῶν.

435 831 532 872 lam.
561 842 602 870 v.
635 829 700 869 41.
733 826 812 867 Hic
835 839 876 867 se
900 827 1167 880 praecipitem
1195 832 1292 867 tecto
1320 825 1468 879 dedit:]
1509 826 1718 878 Perquam
1744 826 1893 869 similia
1925 827 1979 869 de
2005 829 2234 883 Peregrino
2260 832 2409 872 Proteo

335 903 483 938 narrat
507 897 714 937 Lucianus
746 897 922 948 Peregr.
950 895 990 935 9.

438 980 530 1018 Iam.
565 989 607 1017 v,
636 977 703 1017 85.
737 976 854 1016 Adde
885 976 963 1015 huc
994 976 1101 1028 quod
1137 987 1308 1014 mercem
1337 975 1424 1014 sine
1454 974 1564 1027 fucis
1594 979 1744 1027 qestat,
1774 980 1936 1026 aperte,
1965 975 2083 1027 Quod
2108 979 2251 1017 venale
2283 978 2415 1026 habet,

335 1044 522 1097 ostendit]
565 1044 786 1084 Contraria
830 1055 1001 1096 prorsus
1037 1042 1091 1083 de
1131 1041 1422 1083 meretricibus
1457 1040 1780 1083 Atheniensibus
1827 1047 1974 1083 narrat
2015 1043 2154 1084 Alexis
2195 1044 2239 1084 in
2285 1046 2418 1087 Grotii

335 1115 433 1153 Exc.
467 1124 512 1166 p.
545 1112 638 1151 571.

435 1198 529 1236 lmn.
576 1203 616 1235 v,
650 1195 715 1235 98.
745 1195 973 1246 parasitae]
1025 1192 1234 1246 Graphice
1263 1193 1340 1232 has
1370 1193 1571 1233 describit
1600 1194 1877 1245 Hieronymus
1907 1194 1962 1233 ad
1992 1194 2262 1234 Eustochium
2293 1208 2413 1236 suam

334 1266 407 1313 22,
436 1263 509 1303 293
537 1264 622 1302 Eas
649 1264 827 1314 virqines
853 1268 890 1302 et
906 1263 1073 1309 viduas,
1103 1274 1206 1314 quae
1236 1263 1386 1301 otiosae
1410 1267 1447 1301 et
1465 1262 1649 1301 curiosae
1671 1262 1809 1301 domos
1834 1262 2088 1302 circumeunt
2110 1267 2415 1311 matronarum,
2491 1268 2504 1284 ·

331 1343 434 1384 quae
465 1330 614 1372 rubore
647 1329 802 1384 frontis
832 1330 974 1370 attrito
998 1330 1206 1382 parasitos
1237 1330 1407 1368 vincunt
1432 1330 1670 1377 mimorum,
1704 1330 1825 1382 quasi
1848 1329 2048 1382 quasdam
2070 1335 2200 1382 pestes
2235 1329 2378 1371 obiice.

432 1400 527 1438 lum.
561 1411 603 1437 v.
639 1397 727 1437 101.
761 1397 906 1437 Altera
934 1398 999 1437 nil
1027 1397 1180 1437 obstat.-
1211 1397 1304 1436 Cois
1332 1397 1407 1436 tibi
1434 1408 1564 1449 paene
1594 1397 1727 1437 videre
1751 1402 1832 1443 est,
1864 1398 1917 1437 Ut
1945 1397 2118 1450 nudam]
2155 1397 2342 1439 Eubulus
2372 1399 2417 1439 in

330 1466 463 1506 Grotii
492 1466 592 1505 Exc.
625 1478 668 1518 p.
697 1464 794 1504 655:
836 1461 965 1519 Ἐξὸν
994 1462 1287 1518 θεωρήσαντι
1324 1463 1446 1518 πρὸς
1472 1463 1550 1507 τὸν
1574 1459 1707 1519 ἥλιον
1731 1462 1923 1520 Γυμνὰς
1959 1460 2135 1520 ἐφεξῆς
2161 1463 2238 1507 ἐπὶ
2265 1464 2413 1520 κέρως
2453 1505 2455 1507 ,

329 1533 604 1590 τεταγμένας
636 1532 706 1575 Ἑν
742 1531 1045 1587 λεπτοπήνοις
1084 1530 1252 1587 ὑμέσιν
1290 1529 1496 1584 ἑστώσας
1533 1532 1627 1574 κτλ..
1680 1532 1765 1572 err.
1809 1530 2073 1573 Athenaeum
2113 1532 2175 1572 15.
2219 1545 2262 1585 p.
2297 1532 2387 1574 568.
2402 1566 2413 1582 ‚

329 1614 455 1654 quem
484 1602 624 1642 locum
651 1600 911 1653 comparavit
938 1600 1023 1640 iam
1051 1600 1236 1652 Scaliger
1259 1599 1313 1640 ad
1339 1601 1532 1652 Propert.
1553 1600 1598 1648 5,
1631 1600 1706 1649 25,
1737 1600 1801 1640 15.
1835 1597 2024 1649 Lachm.,
2055 1599 2167 1640 unde
2192 1600 2339 1641 confer
2361 1601 2415 1641 ad

331 1668 458 1709 huius
482 1668 644 1708 Satirae
668 1681 709 1708 v.
746 1668 843 1708 127ε
876 1668 1053 1715 Contra,
1086 1668 1231 1708 reiecto
1259 1680 1361 1720 quae
1385 1667 1516 1708 libera
1543 1667 1653 1707 vadit
1679 1668 1832 1708 amictu
1861 1689 1882 1698 -
1903 1689 1924 1697 -
1971 1667 2062 1708 Non
2095 1667 2219 1707 dicet:
2256 1667 2413 1715 Timeo;

332 1748 511 1788 propera
531 1737 618 1775 iam
647 1747 834 1788 sumere,
862 1748 1030 1787 quaeso:
1059 1734 1238 1787 Infelix,
1265 1735 1382 1775 hodie
1404 1736 1465 1775 vir
1490 1735 1595 1775 mihi
1619 1747 1717 1775 rure
1746 1735 1864 1776 venit.

434 1804 544 1844 SA'r.
576 1804 646 1843 111.
684 1816 725 1844 v.
760 1803 825 1843 12.
877 1802 1003 1855 Saepe
1033 1802 1165 1843 decem
1198 1802 1343 1855 servos]
1383 1802 1490 1844 Octo
1520 1801 1707 1844 habebat
1741 1802 1935 1844 Horatius
1963 1803 2009 1844 in
2040 1801 2196 1844 familia
2226 1812 2299 1843 sua
2336 1814 2412 1843 ru-

328 1872 435 1912 stica
465 1871 570 1924 (Sat.
602 1871 649 1920 2,
684 1871 730 1919 7,
763 1870 873 1923 118.)
912 1870 990 1911 Dio
1032 1870 1143 1912 Cass.
1181 1870 1254 1920 59,
1283 1870 1327 1912 8:
1374 1867 1523 1923 Γάϊος
1558 1870 1618 1925 τῷ
1658 1883 1708 1926 γε
1748 1868 1954 1913 Πείσωνι
1994 1867 2130 1914 δέκα
2168 1866 2413 1923 δούλους

328 1938 591 1997 ἐπάγεσθαι
614 1937 891 1994 ἐπιτρέψας,
937 1935 1023 1981 εἶτ’
1049 1935 1208 1994 ἐπειδὴ
1239 1936 1455 1991 πλείονας
1479 1936 1706 1994 ᾐτήσατο,
1750 1937 1933 1994 ἀφῆκεν
1956 1935 2089 1991 ὅσοις
2127 1937 2184 1980 ἂν
2211 1937 2412 1994 ἐθελήσῃ

329 2006 610 2064 χρήσασθαι
639 2007 734 2048 κτλ..
788 2008 940 2046 Contra
963 2005 1130 2045 infimae
1155 2008 1277 2045 sortis
1298 2006 1490 2058 plebeius
1520 2006 1634 2058 apud
1660 2007 1824 2046 Arrian.
1857 2008 1991 2060 Epict.
2020 2008 2060 2054 5,
2087 2008 2127 2055 4,
2152 2008 2190 2047 4.
2220 2006 2414 2060 indigna-

328 2076 516 2114 bundus:
549 2074 668 2128 „syo
698 2071 740 2115 δ’
760 2072 848 2116 οὐκ
874 2074 969 2129 ἔχω
992 2070 1230 2124 δούλους,”
1257 2074 1486 2113 exclamat:
1511 2101 1537 2121 ‚,
1549 2071 1648 2114 ἀντὶ
1669 2070 1851 2116 πάντων
1867 2072 2022 2126 αὐτὸς,
2060 2071 2171 2118 ὅσον
2195 2071 2410 2130 δύναμαι,

329 2140 618 2196 κραυγάσω.”

434 2210 528 2251 lum.
551 2223 591 2251 v.
620 2209 684 2251 20.
718 2209 901 2251 Nullane
928 2208 1050 2250 habes
1074 2209 1198 2249 vitia?
1231 2208 1362 2249 Immo
1380 2208 1468 2250 alia
1487 2213 1523 2249 et
1548 2208 1724 2262 sortasse
1741 2207 1919 2263 minora]
1946 2210 2070 2252 Coun.
2087 2210 2232 2258 Cnuo.:
2265 2210 2412 2260 „Con-

326 2277 451 2318 fiteor
472 2287 541 2316 me
563 2274 721 2317 hahere
742 2276 866 2324 vitia,
897 2276 983 2316 sed
1013 2275 1191 2316 fortasse
1216 2275 1419 2316 minora.”
1472 2275 1578 2316 Hinc
1610 2276 1801 2317 Vossius:
1849 2282 1893 2317 at
1918 2276 2107 2330 fortasse.
2143 2278 2280 2318 Falsa
2309 2288 2409 2318 sane

325 2343 533 2388 modestia
561 2342 614 2386 de
642 2348 773 2387 semet
802 2343 894 2398 ipso
918 2345 1080 2386 Seneca
1105 2341 1157 2385 de
1181 2342 1278 2385 Vita
1306 2341 1429 2384 beata
1464 2342 1537 2384 18:
1567 2343 1678 2385 Haec
1706 2355 1789 2385 non
1815 2355 1897 2399 pro
1927 2357 1990 2386 me
2017 2345 2184 2400 loquor3
2212 2357 2283 2401 eqo
2300 2345 2409 2386 enim

326 2416 373 2466 ia
399 2414 485 2455 alto
517 2412 701 2453 onmium
724 2414 920 2453 vitiorum
946 2423 1062 2453 sum.-
1097 2423 1223 2464 quam
1251 2411 1481 2451 modestam
1496 2411 1704 2452 immerito
1728 2412 1958 2453 obtrudunt
1988 2414 2179 2463 Horatio,
2204 2415 2277 2466 qui
2299 2413 2410 2452 haud

332 2481 506 2534 fortasse
533 2480 697 2534 legunt.
774 2527 777 2530 ,

430 2550 525 2590 lum.
573 2558 613 2588 v.
646 2547 713 2587 54.
765 2547 944 2601 Denique
984 2553 1020 2590 te
1066 2549 1203 2602 ipsum
1237 2546 1425 2600 Concute]
1469 2548 1633 2588 Arrian.
1676 2548 1808 2601 Epict.
1850 2549 1898 2597 5,
1930 2549 1992 2597 14,
2025 2549 2072 2587 5ε
2116 2549 2408 2604 περίβλεψαι,

332 2616 684 2670 §vastos-qu,
712 2615 788 2657 ἰ’να
815 2615 931 2670 γνῶς
957 2616 1025 2668 τίς
1054 2614 1108 2659 εἶ.

433 2686 526 2724 lam.
551 2696 593 2724 v.
627 2683 693 2724 56.
742 2683 957 2723 Sincerum
984 2686 1168 2735 cupimus
1193 2696 1267 2724 vas
1299 2684 1546 2736 incrustare]
1586 2685 1724 2725 Alexis
1748 2685 1793 2725 in
1826 2684 1957 2725 Groui
1987 2685 2085 2726 Exc.
2118 2698 2161 2738 p.
2195 2685 2295 2725 377.
2337 2682 2404 2726 Τὸ

330 2751 472 2796 καλὸν
497 2749 546 2794 δὲ
572 2750 749 2809 χρῶμα
774 2747 1032 2805 δευσοποιῷ
1060 2748 1311 2807 χρώζομεν.
1344 2745 1503 2793 Seneca
1534 2750 1587 2794 de
1617 2751 1783 2794 Provid.
1809 2750 1848 2801 6,
1873 2751 1920 2793 5.
1962 2752 2055 2794 Non
2081 2758 2139 2795 est
2165 2754 2249 2794 ista·
2272 2750 2407 2793 solida

332 2827 367 2860 et
396 2823 603 2862 sincera
628 2819 832 2874 felicitas,
865 2823 1048 2860 crusta
1070 2824 1140 2860 est.

431 2891 526 2930 lum.
575 2900 615 2930 v.
649 2885 714 2930 66.
759 2887 976 2929 Communi
1015 2887 1149 2942 sensu]
1201 2889 1261 2930 De
1301 2901 1384 2943 quo
1411 2889 1528 2931 locus
1559 2900 1727 2942 prorsus
1757 2888 1952 2944 egregius
1995 2894 2060 2932 cst
2097 2887 2216 2943 apud
2239 2887 2402 2929 Arrian.

287 2968 289 2971 ·
330 2955 464 3010 Epict.
493 2957 543 3006 5,
576 2955 625 3005 6,
652 2956 710 2997 8.-

433 3024 528 3063 lnm.
573 3036 615 3063 v.
647 3024 712 3064 81.
755 3024 938 3071 Servum,
966 3045 1010 3053 -
1040 3025 1112 3076 qui
1135 3025 1274 3065 tollere
1300 3027 1435 3068 iussus
1459 3025 1636 3066 Semesos
1658 3027 1789 3078 pisces
1813 3025 2069 3079 tepidumque
2092 3021 2300 3077 liqui-ierit
2324 3019 2404 3073 ius]

330 3091 547 3144 Epicrates
577 3090 622 3131 in
652 3091 782 3132 Groui
809 3092 907 3133 Exc.
954 3104 997 3145 p.
1027 3091 1116 3133 669.
1146 3092 1330 3145 loquitur
1360 3094 1570 3136 servulus:
1619 3092 1679 3136 Ti
1704 3092 1793 3150 γὰρ
1822 3092 1998 3149 ἔχθιον,
2023 3090 2058 3145 ἢ.
2080 3114 2100 3125 -
2123 3109 2143 3119 ·
2169 3085 2288 3142 ὁοᾷν
2311 3086 2401 3141 (²⁶)
