2832 3448
1198 151 1523 202 -ω-

333 264 517 323 κείμενα
535 265 735 325 ’Ἀμητας
761 266 1029 325 ἡμιβρῶτας
1063 265 1275 324 ὀρνίθειά
1314 282 1381 325 τε,
1403 263 1486 312 Ὧν
1518 266 1627 313 οὐδὲ
1652 270 1930 326 λειφθέντων
1958 270 2101 328 θέμις
2127 267 2277 326 δούλῳ
2304 286 2393 326 φα-

332 333 445 391 γεῖν,
464 331 546 389 Ὥς
574 349 722 391 φασιν
747 336 798 378 αὶ
821 336 1032 393 γυναῖκες
1039 349 1056 385 ,·

433 403 524 444 lum.
563 415 603 444 v.
630 403 695 445 85.
738 404 909 445 habeare
936 404 1135 458 insuavis]
1179 406 1390 447 Plutarch.
1419 407 1635 461 Quomodo
1663 406 1774 445 adul.
1803 406 1848 446 2:
1892 404 2011 449 Οὐδὲ
2036 406 2126 462 γὰρ
2154 405 2338 460 ἀηδὴς
2365 408 2391 450 ὁ

331 470 488 524 φίλος,
514 495 531 504 ·
556 493 577 503 ·
602 467 711 513 οὐδὲ
738 472 794 526 τῷ
820 473 972 527 πικρῷ
1000 471 1168 528 σεμνὸν
1191 472 1222 528 ἦ
1250 473 1386 526 φιλία
1412 473 1492 515 καὶ
1518 473 1750 526 αὐστηρῷ.

429 540 526 579 lein.
570 549 612 578 v.
635 538 699 578 89.
737 551 903 579 amaras
937 538 1153 580 Porrectus
1182 540 1325 593 iuqulo
1370 540 1563 580 historias
1601 541 1784 593 captivus
1822 545 1869 579 ut
1911 541 2040 594 audit]
2082 542 2167 594 Qui
2197 542 2392 584 historias

329 606 591 659 explicarunt
621 605 796 658 fabellas
830 606 899 647 vel
924 608 1107 648 convicia
1139 620 1223 649 non
1251 608 1529 649 meminerant
1554 607 1721 661 lepidae
1751 602 2089 650 narratiunculae
2118 608 2232 664 apud
2262 610 2393 652 Sene-

328 686 421 715 cam
447 673 521 726 Ep.
545 671 615 715 95:
658 675 862 718 Recitator
886 674 1171 716 Historiam
1196 676 1398 730 ingentem
1429 674 1598 730 attulit,
1633 675 1904 716 minutissime
1930 675 2146 728 scriptam,
2183 679 2390 719 artissime

325 741 545 793 plicatam,
589 746 645 788 et,
682 753 834 794 maqua
856 747 975 794 parte
1006 742 1206 795 perlecta,
1251 742 1536 791 ,‚Desinam,''
1576 743 1733 795 iuquit,
1775 744 1850 789 „si
1887 743 2052 782 voltis.''
2102 744 2386 786 Acclamatur:

331 808 529 856 ,‚Recita‚
557 809 734 849 recita!’'
761 808 812 848 ab
840 808 926 857 his,
954 811 1025 862 qui
1049 810 1171 851 illum
1192 809 1458 850 obmutescere
1484 809 1598 849 illico
1624 810 1808 861 cupiunt.

428 877 519 918 Imn.
557 889 596 916 v.
622 876 687 917 92.
728 877 814 917 Aut
835 878 1013 928 positum
1050 883 1143 918 aute
1169 889 1259 918 meu
1297 878 1397 929 quia
1428 877 1592 929 pullum
1616 878 1662 916 in
1685 881 1805 928 parte
1832 877 1960 916 catini
1983 876 2159 919 Sustulit
2188 880 2383 932 esuriens]

329 943 445 983 Philo
469 942 520 984 de
542 942 729 996 profugis
758 955 801 995 p.
829 943 918 984 257.
943 943 1034 985 Ph:
1084 942 1134 986 Ὁ
1158 942 1244 998 μὲν
1269 942 1359 998 γὰρ
1386 942 1540 986 πεσών
1565 942 1642 986 ἐπὶ
1666 942 1866 998 γαστέρα
1894 943 1974 985 καὶ
1997 943 2090 998 πρὸ
2117 946 2198 988 τοῦ
2224 944 2390 1002 στόμα-

327 1026 402 1063 τος
427 1010 508 1063 τὰς
534 1008 800 1066 ἀπλήστους
827 1006 1007 1065 διοίξας
1034 1009 1281 1065 ἐνθυμίας,
1318 1008 1539 1067 ἀκόσμως
1576 1009 1896 1066 ἑμφορήσεται
1920 1009 2019 1053 καὶ
2043 1010 2104 1054 τὰ
2138 1013 2230 1056 τοῦ
2259 1013 2391 1065 πλη-

330 1078 450 1121 σίον
476 1075 862 1121 ἐπισπάσεται
886 1079 979 1121 κτλ.

425 1148 517 1186 lnm.
551 1159 591 1186 v.
616 1145 704 1186 100.
736 1146 894 1187 Mutum
920 1151 957 1187 et
983 1151 1100 1199 turpe
1120 1145 1258 1199 pecus]
1290 1145 1374 1187 Cir.
1402 1146 1573 1188 Lucian.
1603 1146 1743 1187 Amor.
1772 1146 1837 1187 55.

424 1215 517 1255 lum.
561 1225 600 1254 v.
631 1212 720 1254 125.
757 1212 936 1266 sapiens]
973 1213 1036 1254 De
1063 1211 1143 1254 hoc
1173 1213 1372 1267 sapientis
1404 1214 1632 1267 specimine
1659 1219 1703 1254 et
1729 1215 1918 1267 exemplo
1943 1214 2043 1255 satis
2073 1215 2233 1254 comice
2254 1215 2388 1255 Baton

322 1283 365 1322 in
397 1281 528 1322 Grotii
552 1280 649 1321 Exc.
679 1292 721 1333 p.
752 1280 850 1321 851:
901 1279 1034 1332 (τοὺς
1073 1279 1391 1334 φιλοσόφους)
1433 1280 1560 1333 Τοὺς
1603 1281 1697 1323 τὸν
1737 1279 2024 1336 φρόνιμον
2064 1280 2312 1335 ζητοῦντας
2337 1283 2389 1323 ἐν

322 1350 417 1401 τοῖς
444 1345 717 1401 περιπάτοις
754 1345 856 1390 Καὶ
899 1346 999 1399 ταῖς
1026 1343 1285 1401 διατρίβαις
1312 1344 1469 1402 ὥσπερ
1495 1344 1857 1403 ἀποδεδρακότα.
1907 1349 2119 1390 Plutarch.
2163 1349 2217 1391 de
2247 1354 2384 1402 tranq.

322 1429 390 1457 an.
420 1416 490 1456 12:
512 1414 639 1459 ,ἔνιοι
663 1413 772 1466 τοὺς
797 1413 883 1470 μὲν
909 1413 1148 1467 Στωϊκοὺς
1175 1415 1350 1458 οἴονται
1374 1413 1571 1468 παίζειν,
1598 1412 1706 1459 ὅταν
1731 1414 1972 1459 ἀκούσωσι
1992 1415 2070 1460 τὸν
2095 1416 2245 1469 σοφὸν
2273 1417 2383 1468 παρ’

322 1482 478 1535 αὐτοῖς
504 1481 570 1538 μὴ
601 1479 742 1536 μόνον
765 1479 996 1537 φρόνιμον
1020 1480 1101 1523 καὶ
1125 1478 1304 1526 δίκαιον
1329 1480 1409 1524 καὶ
1434 1479 1660 1538 ἀνδρεῖον,
1686 1482 1803 1526 ἀλλὰ
1830 1482 1911 1525 καὶ
1935 1481 2113 1539 ῥήτορα
2140 1483 2222 1526 καὶ
2249 1497 2385 1538 στρα-

323 1550 458 1605 τηγὸν
482 1548 563 1592 καὶ
587 1548 782 1604 πονητὴν
807 1547 888 1591 καὶ
914 1547 1138 1610 πλούσιον
1165 1548 1245 1591 καὶ
1269 1548 1462 1603 βασιλέα
1487 1550 1956 1606 προσαγορευόμενον,
1981 1550 2152 1603 αὑτοὺς
2187 1548 2237 1592 δὲ
2277 1549 2387 1593 πάν-

321 1632 409 1659 των
432 1613 620 1671 ἀξιοῦσι
645 1615 826 1666 τούτων,
857 1616 946 1674 κᾷν
971 1616 1039 1673 μὴ
1063 1615 1366 1673 τυγχάνωσιν,
1392 1615 1620 1660 ἀνιῶνται.

424 1686 518 1725 lmn.
564 1697 604 1725 v.
636 1685 723 1725 150.
773 1684 981 1739 Alfenius]
1026 1685 1093 1725 Sic
1119 1684 1408 1733 scribendum,
1453 1685 1601 1738 trisyll.
1630 1691 1678 1725 ut
1714 1685 1931 1725 Nasidieni
1970 1684 2212 1738 quadrisyll.
2240 1684 2388 1725 Biondi

322 1753 569 1805 (DissertaZ.
612 1753 706 1793 dell'
733 1752 863 1792 Acad.
899 1753 1014 1792 Rom.
1045 1752 1274 1793 d'Archeol.
1309 1753 1356 1793 Τ.
1383 1753 1453 1792 VI.
1497 1765 1539 1805 p.
1574 1752 1684 1804 502.)
1729 1753 1820 1806 ipse
1856 1765 2020 1805 quoque
2055 1752 2108 1793 de
2138 1753 2184 1792 P.
2226 1751 2387 1792 Alfenio

322 1823 452 1869 Varo,
496 1822 614 1869 Icto,
659 1825 757 1860 nato
783 1820 954 1861 circiter
975 1832 1013 1861 a.
1037 1833 1080 1860 u.
1108 1833 1146 1861 c.
1170 1820 1260 1861 680.
1287 1825 1331 1861 et
1356 1822 1526 1861 consule
1557 1820 1641 1861 iam
1666 1833 1705 1861 a.
1734 1820 1824 1861 715.
1850 1820 2086 1873 intelligens
2111 1819 2215 1861 haec
2247 1818 2379 1860 addit:

322 1890 391 1929 che
416 1888 585 1942 Alfeuio
609 1888 717 1942 fosse
743 1894 871 1935 stato,
907 1901 949 1929 se
974 1901 1057 1929 nou
1084 1890 1390 1941 propriamente
1415 1889 1637 1937 calzolaw,
1671 1889 1831 1929 almeno
1856 1887 2042 1940 figliuolo
2068 1888 2114 1929 di
2144 1899 2201 1927 un
2225 1898 2382 1927 merca-

324 1962 432 1997 tante
458 1957 502 1997 di
532 1957 646 2004 cuci,
679 1955 823 1997 chiara
850 1956 1159 1997 testimonianze
1188 1967 1240 1996 ue
1267 1954 1398 2011 sonno
1424 1956 1584 1996 Acrone
1609 1967 1630 1995 e
1655 1955 1900 2008 Porfirioue.
1955 1956 2105 1996 Contra
2133 1955 2235 1995 Voss
2260 1965 2385 2007 prae·

322 2024 416 2066 tulit
438 2029 596 2072 tonsor,
628 2022 778 2077 inspici
807 2021 956 2063 iubens
982 2033 1099 2063 suam
1128 2021 1435 2062 adnotationem
1469 2021 1523 2061 ad
1553 2022 1669 2075 Virg.
1701 2022 1787 2061 Eel.
1816 2022 1862 2070 6,
1893 2023 1932 2061 7.

424 2092 516 2132 lum.
554 2102 594 2131 v.
631 2090 718 2131 156.
763 2100 1005 2142 maqnorum
1027 2090 1204 2128 maxime
1229 2088 1383 2141 reyum]
1426 2089 1589 2127 Ari-ian.
1621 2089 1753 2140 Epict.
1799 2090 1851 2136 5,
1885 2090 1958 2128 22:
2011 2088 2122 2141 Τίς,
2162 2089 2222 2142 μὲ
2263 2085 2382 2137 ὶδών,

322 2158 433 2215 οὐχὶ
457 2159 534 2202 τὸν
558 2156 750 2212 βασιλέα
764 2156 854 2204 ,τὸν
877 2155 1040 2198 ἑαυτοῦ
1068 2155 1187 2210 ὁρᾷν
1212 2156 1356 2198 οἴεται
1393 2154 1473 2197 καὶ
1497 2153 1721 2209 δεσπότην
1732 2171 1748 2203 ,·
1782 2152 1869 2198 Ἴδε
1894 2155 2078 2199 κυνικαὶ
2110 2155 2266 2209 φωναὶ
2291 2157 2382 2199 κτλ.

322 2226 535 2267 Plutarch.
568 2226 620 2266 de
652 2226 740 2265 abs.
766 2225 890 2264 Stoie.
924 2224 1037 2276 opin.
1060 2224 1106 2264 5:
1141 2222 1190 2265 ‘0
1224 2221 1307 2277 τὴν
1334 2220 1547 2276 Στωϊκήν
1572 2221 1727 2275 λαβών
1747 2220 2023 2279 Ἀμάλθειαν
2046 2221 2275 2277 πλούσιος
2298 2222 2382 2280 μὲν

325 2294 514 2351 γέγονεν,
540 2290 791 2347 ἐρανίζεται
815 2290 865 2333 δὲ
891 2289 1069 2346 τροφὴν
1094 2290 1206 2344 παρ’
1233 2288 1396 2344 ἐτέρων
1421 2287 1501 2331 καὶ
1524 2289 1745 2342 βασιλεὺς
1771 2289 1855 2344 μέν
1879 2291 1988 2341 ἐστι,
2013 2291 2192 2346 μισθοῦ
2207 2288 2258 2334 δὲ
2274 2289 2380 2333 ἀνα·

326 2362 422 2405 λύει
446 2359 798 2418 συλλογισμούς·
825 2358 903 2402 καὶ
927 2357 1076 2403 πάντα
1102 2357 1188 2415 μὲν
1212 2358 1312 2415 ἔχει
1337 2356 1492 2416 μόνος,
1516 2355 1712 2402 ἐνοίκων
1738 2354 1787 2402 δὲ
1812 2357 1944 2403 τελεῖ.
1975 2357 2093 2402 Idem
2110 2358 2202 2402 adv.
2222 2357 2379 2400 Stoicos

327 2432 373 2470 5:
413 2423 487 2484 ἆρ’
526 2423 609 2473 οὖν
634 2427 710 2472 ἐπὶ
741 2426 797 2471 τὰ
830 2425 961 2471 κοινὰ
996 2426 1157 2482 πρῶτα
1183 2425 1263 2470 καὶ
1298 2424 1550 2482 περιβόητα
1574 2423 1836 2480 βαδιστέον,
1875 2423 1908 2470 ἁ“
1947 2423 2005 2484 δὴ
2033 2423 2274 2483 παράδοξα
2300 2426 2382 2469 καὶ

328 2496 454 2541 αὐτοὶ
478 2522 496 2530 -
519 2522 539 2530 -
564 2493 910 2552 ἐπονομάζουσι,
935 2493 1044 2547 τοὺς
1068 2493 1240 2551 μόνους
1266 2493 1473 2548 βασιλεῖς
1499 2493 1581 2537 καὶ
1601 2492 1775 2550 μόνους
1802 2494 2057 2548 πλουσίους
2099 2493 2177 2536 καὶ
2202 2494 2379 2549 καλοὺς

329 2564 474 2610 αὐτῶν
499 2563 577 2607 καὶ
603 2562 794 2616 πολίτας
822 2560 901 2606 καὶ
926 2558 1149 2616 δικαστὰς
1187 2559 1374 2619 μόνους·
1413 2560 1444 2619 ἦ
1481 2560 1610 2605 ταυτὶ
1647 2560 1734 2617 μὲν
1774 2563 1841 2616 εἰς
1868 2562 1951 2619 τὴν
1992 2563 2077 2604 τῶν
2112 2560 2265 2605 ἑώλων
2304 2563 2384 2605 καὶ

328 2632 520 2698 ψυχρὰν
543 2630 718 2689 ἀγορὰν
741 2630 899 2685 βούλει
925 2630 1166 2687 παρῶμεν,
1209 2631 1258 2674 ἐν
1293 2627 1342 2673 δὲ
1379 2629 1475 2683 τοῖς
1514 2628 1578 2683 ὥς
1615 2630 1683 2678 ἔνι
1715 2629 1916 2686 μάλιστα
1939 2630 2274 2685 πραγματικοῖς
2301 2631 2381 2673 καὶ

328 2701 442 2759 μετὰ
469 2696 670 2756 σπουδῆς
696 2698 953 2756 λεγομένοις
976 2696 1285 2754 ποιησώμεθα
1308 2698 1387 2741 τοῦ
1412 2696 1551 2752 λόγου
1577 2697 1654 2741 τὸν
1679 2695 1928 2753 ἐξετασμόν
1934 2712 1950 2744 ‚·
1971 2696 2095 2751 Ἐμοὶ
2120 2699 2232 2754 γοῦν
2248 2695 2379 2754 ἥδιον

328 2767 487 2823 οὕτως·
531 2770 615 2812 τῶν
652 2765 739 2823 γὰρ
778 2766 898 2822 πρὸς
925 2766 1076 2809 ἐκεῖνα
1100 2765 1347 2822 γενομένων
1380 2764 1578 2821 ἐλέγχων
1615 2764 1685 2819 τίς
1724 2764 1809 2809 οὐκ
1847 2760 1937 2820 ἤδη
1971 2760 2203 2819 διάπλεώς
2235 2765 2383 2815 ἐστινς

329 2840 445 2892 Quae
483 2837 651 2891 quidem
689 2835 958 2889 reprehensio
1000 2835 1079 2876 etsi
1116 2835 1225 2877 iusta
1266 2836 1308 2875 in
1347 2834 1562 2876 Plutarchi
1600 2835 1793 2888 aequales
1836 2831 2034 2881 Graecos,
2078 2833 2124 2875 in
2167 2833 2384 2877 Horatium

328 2920 413 2948 non
450 2906 574 2947 cadit.
746 2907 752 2909 ⁴

431 2974 539 3016 SAT.
567 2957 634 3014 [V.
684 2984 724 3013 v.
749 2972 790 3013 5.
833 2972 968 3012 malus
999 2977 1073 3013 aut
1104 2970 1194 3025 fur]
1227 2970 1292 3012 Sic
1319 2969 1526 3024 Aristoph.
1560 2971 1669 3011 Plut.
1702 2971 1750 3011 5:
1797 2968 2052 3025 ἱερόσυλοι,
2078 2969 2275 3026 ῥήτορες
2302 2971 2380 3013 καὶ

331 3041 618 3097 συκοφάνται
648 3039 727 3084 καὶ
756 3053 790 3084 π
798 3054 824 3084 ο
837 3054 900 3094 νη
909 3053 937 3093 ρ
947 3053 971 3083 ο
980 3037 1010 3081 ί.
