2832 3448
1203 159 1393 219 ..'11
1462 197 1526 207 ..

335 289 380 325 et
409 283 578 337 Sybaris
610 288 653 324 et
677 280 870 334 Telephi,
912 286 1038 334 atque
1063 280 1169 321 tales
1195 287 1358 324 amores
1388 280 1444 323 ab
1473 282 1544 322 illo
1579 288 1768 325 cantatos
1802 287 1896 324 es'se
1924 281 2113 336 fingere?
2154 282 2266 335 Lege
2296 287 2412 324 certe

335 351 451 393 nulla
473 349 553 392 hoc
579 351 755 393 vetitum
789 354 893 391 erat.

437 420 531 459 Iun.
579 432 620 459 v.
648 418 691 458 5.
745 419 855 458 tenui
884 415 1035 470 fronte]
1082 415 1402 458 Winckelmann
1446 420 1557 459 Mon.
1589 418 1699 458 ined.
1745 419 1792 458 T.
1825 419 1931 458 LIII:
1977 419 2040 460 La
2078 418 2271 458 beescam
2306 418 2417 459 dello

335 487 470 540 fronte
500 488 589 528 vien
611 486 887 527 emendata
912 484 969 526 da
996 482 1169 533 Oraia,
1215 486 1380 539 quando
1409 485 1505 526 loda
1530 485 1611 527 ins.
1643 507 1687 516 —
1721 486 1839 537 Lyc.‚
1885 485 1930 525 da·
1954 488 2021 527 cui
2050 485 2127 527 ben
2159 486 2358 539 οαρίτοπο
2380 486 2416 526 il

337 568 427 598 vero
451 566 567 598 senso
592 552 653 607 qli
676 553 832 596 antichi
854 553 1093 606 interpreti,
1118 553 1137 596 i
1161 554 1276 608 quali
1303 554 1344 596 lo
1368 553 1585 607 spieqano:
1632 584 1661 603 „
1674 557 1851 607 angusta
1877 557 1922 594 et
1949 565 2079 606 parva
2101 553 2412 608 fronte‚⁴quod

336 636 388 665 ex
415 621 736 678 pulchritudinis
760 623 894 665 torma
920 621 1206 666 commendari
1230 620 1379 665 solet.'’

439 690 529 733 OD.
563 690 741 732 XXXIV.
774 703 815 732 v.
837 690 901 732 15.
946 691 1147 745 insignem
1172 688 1361 733 attenuat
1388 687 1501 741 deus]
1531 688 1653 731 Pind.
1681 687 1806 742 Pyth.
1825 689 1867 738 8,
1894 689 1967 731 77:
2001 687 2220 745 (δαίμων)
2240 691 2414 736 'mant’

336 759 481 803 ἄλλον
504 756 680 814 ὕπερθε
704 758 905 813 βάλλων,
931 758 1074 803 ἄλλον
1096 756 1138 802 δ’
1162 758 1257 803 ὑπὸ
1283 758 1460 816 χειρόν
1485 756 1663 811 Merop
1689 757 1969 810 καταβαίνει.
1993 758 2081 799 Gir.
2100 758 2224 811 Pyth.
2242 760 2292 810 2,
2311 761 2380 802 88.

440 828 535 867 1⁸11».
565 840 604 867 ν.
636 829 700 868 lu.
733 827 904 880 apicem]
942 828 1000 867 Eo
1029 827 1198 869 rectius-
1217 826 1279 868 sic
1308 825 1417 866 tiara
1442 836 1591 878 regum
1616 824 1883 866 orientalium
1899 826 2053 866 vocari
2084 830 2272 878 poterat,
2294 828 2414 879 quod

338 900 431 935 erat
459 893 596 949 ὀρθή.
648 895 727 934 Dio
758 893 905 948 Chrys.
934 895 1007 936 Or.
1037 896 1101 935 44.
1139 906 1184 947 p.
1208 894 1300 933 blm.
1333 894 1410 933 R.:
1459 890 1485 935 ὁ
1513 891 1717 947 Περσῶν
1754 891 1999 945 βασιλεὺς,
2037 888 2165 946 ὅπως
2201 892 2288 950 μὲν
2320 890 2415 949 ἕξει

339 961 481 1016 μόνος
506 962 660 1018 ὀρθὴν
684 963 766 1019 τὴν
790 961 970 1018 τιάραν,
997 958 1274 1017 ἐφρόντιζεν
1303 959 1385 1004 καὶ
1410 961 1459 1003 εἴ
1479 975 1551 1013 τις
1567 958 1713 1013 ἄλλος
1737 960 1870 1004 τοῦτο
1898 959 2126 1015 ἐποίησεν,
2152 959 2299 1014 εὐθὺς
2324 963 2419 1005 ἐκέ-

337 1032 497 1075 λευσεν
520 1030 837 1087 ἀποθνήσκειν
860 1030 1012 1076 αὐτόν.

439 1100 526 1141 OD.
558 1101 721 1141 XXXV.
755 1112 796 1140 v.
829 1101 867 1140 l.
911 1097 1099 1152 Antium]
1137 1098 1345 1140 Fortunae
1376 1097 1565 1139 Antiates
1596 1107 1820 1151 expressae
1849 1101 1947 1138 sunt
1986 1097 2029 1137 in
2066 1097 2241 1139 denario
2276 1098 2413 1151 gentis

337 1168 503 1210 Rustiae
532 1167 645 1220 apud
664 1165 821 1208 Eckhel
847 1168 898 1208 D.
929 1168 980 1208 N.
1011 1166 1052 1208 5.
1081 1179 1125 1220 p.
1153 1166 1245 1207 298.
1282 1165 1395 1207 Alias
1420 1164 1696 1206 Fornmarum
1721 1164 1925 1218 imagines
1951 1164 2048 1206 vide
2077 1164 2122 1205 in
2154 1166 2286 1206 Musei
2302 1165 2411 1206 Bor-

338 1236 470 1276 bom‘ci
499 1235 592 1275 Vol.
628 1235 698 1275 III.
728 1235 776 1275 T.
805 1234 871 1275 26.

437 1303 531 1342 lmn.
560 1313 601 1342 v.
628 1302 669 1342 5.
713 1302 893 1342 sollicita
916 1299 1049 1353 prece]
1081 1298 1295 1342 Moschion
1319 1300 1370 1341 in
1405 1300 1538 1341 Grotii
1572 1299 1764 1353 Florileg.
1794 1311 1842 1353 p.
1874 1299 1971 1342 127:
2020 1299 2172 1355 Μοῖρ’
2201 1293 2242 1342 ὦ
2266 1299 2416 1352 λιταῖς

335 1367 509 1423 ἅτρωτε
530 1364 765 1423 δυστήνων
789 1366 981 1423 βροτῶν.
1033 1366 1229 1408 Ceterum
1254 1366 1500 1420 Bernhardy
1518 1378 1615 1408 cum
1642 1364 1885 1408 Marklando
1914 1366 2095 1420 (Explic.
2124 1371 2226 1408 vett.
2246 1366 2410 1420 scriptt.

337 1449 379 1490 p.
400 1435 511 1488 2521.)
542 1434 868 1477 construendum
885 1434 1056 1477 suadet:
1086 1438 1170 1484 „te
1191 1434 1302 1476 ruris
1320 1433 1531 1476 dominam
1556 1434 1686 1477 ambit
1706 1435 1892 1485 colonus,
1927 1439 1970 1476 te
1983 1433 2196 1475 dominam
2220 1435 2414 1488 aequoris

337 1503 521 1545 nauta:'’
566 1502 641 1544 sed
675 1502 858 1543 inversio
895 1507 1007 1544 esset
1042 1502 1212 1543 minime
1253 1502 1478 1543 Horatiana
1508 1507 1551 1543 et
1587 1514 1714 1544 sonus
1743 1503 1834 1557 ipse
1871 1508 1917 1543 et
1954 1502 2230 1544 conformatio
2269 1514 2415 1544 versus

337 1572 461 1620 facit,
493 1575 541 1611 ut
564 1583 632 1610 vv.
664 1571 791 1611 Ruris
819 1571 987 1611 colonus
1010 1569 1130 1624 iungi
1158 1568 1356 1611 debeant.

439 1639 535 1679 Iam.
569 1651 610 1681 v.
646 1638 709 1680 {2
754 1638 965 1692 Purpurei
986 1659 1030 1667 —
1053 1636 1238 1691 tyranni]
1276 1637 1448 1679 Lucian.
1487 1637 1597 1681 Dial.
1638 1650 1694 1679 m.
1734 1638 1784 1687 1⁸,
1812 1638 1852 1678 ἱι.
1897 1637 1983 1678 Vit.
2019 1638 2141 1679 Auct.
2173 1637 2238 1680 42.
2269 1637 2324 1679 de
2354 1642 2420 1692 ty—

338 1718 494 1748 ranno:
543 1705 569 1750 ὁ
608 1705 691 1761 τὴν
716 1703 991 1761 πορφυρίδα
1015 1702 1283 1759 ἐνδεδυκώς.
1322 1704 1588 1748 Macedonius
1615 1706 1662 1746 in
1704 1705 1872 1747 Anthol.
1902 1706 1991 1747 Pal.
2018 1706 2070 1747 11.
2112 1718 2156 1759 p.
2182 1705 2262 1746 357
2272 1719 2282 1745 :
2327 1705 2417 1748 τῶν

339 1773 555 1829 χρυσέων
578 1772 783 1824 ὑπάτων,
807 1774 965 1815 auratis
994 1773 1154 1816 trabeis
1178 1772 1434 1815 indutorum.

442 1842 538 1881 lum
566 1854 609 1882 v.
644 1842 708 1883 48.
746 1842 880 1883 clavos
908 1840 1102 1893 trabales]
1139 1841 1216 1882 llic
1245 1841 1330 1882 iam
1360 1839 1638 1882 adscribenda
1669 1845 1812 1889 erant,
1844 1852 1953 1919 quae
1984 1840 2038 1881 de
2063 1845 2209 1893 patera
2240 1841 2410 1881 Etrusca

341 1908 453 1962 apud
482 1909 813 1964 Vermigliolium
840 1909 1068 1952 memoravi
1097 1908 1151 1952 ad
1181 1908 1512 1958 Od.5,21‡,3.

443 1977 537 2016 lum
573 1989 612 2017 v.
639 1977 705 2018 20.
754 1977 891 2017 Uncus
920 1976 1023 2029 cet]
1068 1975 1281 2017 Vitruvius
1321 1975 1369 2023 2,
1410 1976 1463 2015 8·
1508 1987 1602 2016 eum
1637 1977 1753 2015 ansis
1794 1975 1944 2026 ferreis
1982 1981 2021 2016 et
2052 1976 2219 2028 plmbo
2254 1975 2413 2028 frontes

340 2045 493 2085 vinctae
517 2045 613 2085 sim.
663 2045 780 2088 Ausa
810 2043 941 2097 igitur
963 2040 1009 2084 h.
1040 2043 1070 2084 1.
1088 2041 1147 2086 ,τὸ
1174 2039 1340 2096 κύριον
1367 2040 1513 2081 fuisset
1544 2051 1621 2093 pro
1640 2052 1783 2089 πωπω,
1828 2042 1901 2094 qui
1939 2042 2039 2082 olim
2069 2041 2251 2083 vexabat
2275 2043 2414 2084 Inter-

341 2117 481 2164 pretes
506 2111 560 2153 de
585 2112 704 2152 uncis
718 2143 731 2161 ,
764 2110 915 2163 quihus
944 2109 1148 2163 supplicio
1179 2108 1316 2150 affecti
1342 2107 1396 2149 ad
1426 2108 1647 2149 Gemonias
1676 2107 1974 2159 trahebantur,
2004 2111 2280 2165 accipientes,
2418 2166 2420 2169 y

445 2181 540 2221 1⁸11».
572 2193 613 2221 v.
646 2180 712 2221 22.
760 2191 833 2220 nee
870 2179 1052 2220 comitem
1090 2176 1279 2231 abueqat]
1322 2176 1529 2229 Equidem
1556 2177 1796 2218 etiamnunc
1828 2182 1873 2218 et
1899 2176 2102 2220 librorum
2130 2179 2353 2221 lecu'onem
2373 2185 2417 2221 et

347 2248 575 2302 simplicem
587 2260 723 2290 meam
734 2246 1122 2301 interpretationem
1133 2245 1310 2294 retineo,
1321 2256 1459 2298 neque
1469 2244 1514 2285 in
1524 2244 1658 2298 lyrico
1671 2248 1796 2299 pocta
1804 2243 1916 2287 hanc
1926 2246 1985 2289 de
1997 2246 2083 2289 lide
2089 2246 2411 2302 degressionem,

347 2316 538 2357 evidente
558 2317 784 2370 proborum
811 2321 854 2356 et
874 2315 1072 2355 falsorum
1097 2314 1324 2355 amicorum
1354 2311 1582 2356 ἀντιθέσει
1606 2314 1783 2366 pulchre
1809 2320 2075 2361 exornatam,
2099 2316 2412 2370 reprebenden-

346 2385 441 2426 dam
475 2396 566 2426 esse
595 2384 727 2433 duco,
768 2384 847 2425 etsi
886 2382 1157 2425 amicissimus
1186 2380 1501 2423 Doederleinius
1532 2381 1577 2421 in
1611 2382 1729 2423 Lect.
1768 2382 1912 2424 Horat.
1944 2383 2054 2425 ΚΝ.
2085 2396 2181 2425 cum
2206 2383 2411 2437 discipulo

348 2453 483 2505 aliquo
508 2464 583 2493 suo
611 2453 757 2506 legens
784 2451 959 2504 abnegas
994 2449 1254 2503 (Praedicow
1281 2454 1524 2491 coi-:exerat
1553 2448 1785 2503 abnegans)
1823 2462 1935 2492 novo
1970 2452 2096 2504 plane
2133 2450 2257 2492 modo
2292 2449 2410 2493 hunc

345 2522 484 2561 locum
510 2520 569 2560 ita
595 2521 894 2573 interpretatus
915 2523 1001 2559 est:
1040 2519 1160 2568 „Te,
1187 2518 1389 2566 Fortuna,
1418 2521 1461 2558 et
1489 2516 1590 2571 Spes
1616 2517 1731 2566 colit.-
1746 2528 1815 2559 -ne
1840 2529 2082 2572 supremum
2102 2517 2272 2570 quidem
2293 2519 2415 2562 fasti-

345 2589 462 2643 gium
486 2587 657 2641 adeptos
683 2588 755 2629 illa
781 2586 993 2635 deserens,
1018 2591 1063 2627 et
1086 2585 1207 2627 Fides
1231 2586 1477 2633 amicorum,
1505 2584 1578 2637 qui
1606 2584 1652 2625 in
1681 2596 1843 2626 summa
1869 2586 2104 2639 principum-
2125 2584 2410 2630 familiaritate

350 2663 490 2697 tamen
519 2655 746 2696 eorundem
775 2655 1020 2708 dignitatem
1046 2655 1388 2706 maiestatemque
1416 2652 1649 2704 suspiciunt
1680 2665 1731 2693 ac
1758 2660 2030 2699 venerantur3
2069 2653 2146 2694 sed
2171 2654 2322 2697 eadem
2352 2657 2413 2697 ita

352 2726 535 2767 clemens
563 2736 612 2765 ac
636 2727 853 2765 mansueta
879 2734 945 2771 es,
987 2726 1054 2771 ut‘,
1104 2721 1266 2763 etiamsi
1288 2721 1380 2775 ipsa
1404 2719 1636 2774 potentium
1666 2720 1810 2764 domos
1844 2720 2010 2763 inimica
2038 2720 2225 2774 linquas,
2270 2729 2411 2766 tamen

351 2793 578 2834 amicorum
601 2791 726 2833 fidem
750 2801 801 2831 ac
826 2789 1016 2832 solatium
1041 2794 1127 2831 tam
1150 2789 1313 2831 miseris
1338 2799 1388 2829 ac
1414 2787 1644 2842 profligatis
1685 2801 1770 2831 non
1809 2787 2015 2835 invideasz
2057 2787 2256 2833 beneficii
2287 2792 2412 2844 quin-

350 2861 475 2903 etiam
499 2860 631 2901 instar
653 2858 856 2907 habetur,
895 2856 1008 2910 quod
1032 2861 1106 2899 tuo
1128 2857 1319 2899 *discessu
1342 2855 1479 2897 amici
1495 2855 1792 2899 discernuntur
1820 2861 1863 2898 et
1892 2861 2196 2910 agnoscuntur,
2227 2871 2408 2912 quorum

352 2928 442 2972 veri
470 2932 687 2970 remanent
716 2930 759 2968 te
784 2924 984 2976 abeunte,
1016 2924 1111 2967 falsi
1139 2923 1400 2981 diffugiunt-’⁹
1451 2923 1619 2966 Scilicet
1647 2936 1714 2966 vv.
1747 2925 1797 2966 Te
1818 2946 1860 2953 —
1888 2923 1982 2965 albo
2014 2935 2119 2966 rara
2156 2926 2280 2970 Ram
2311 2930 2408 2972 colit

351 2998 481 3038 velata
519 3008 657 3051 panno
693 2996 752 3036 ita
795 2994 994 3049 explicat:
1040 2993 1366 3048 „intelliguntur
1409 2992 1536 3034 aulici
1576 2992 1893 3048 principumque
1929 2993 2056 3037 amici
2090 2995 2160 3038 vel
2202 2996 2401 3044 ministri;

352 3076 529 3116 quorum
567 3064 669 3107 fides
707 3062 901 3118 quoniam
930 3061 1094 3117 saepius
1137 3072 1262 3115 quam
1290 3059 1570 3103 mediocribus
1612 3060 1658 3102 in
1688 3059 1878 3103 domibus
1906 3066 1972 3103 ωε
2008 3061 2160 3113 infida,
2206 3076 2307 3105 rara
2343 3064 2407 3107 sic
