2832 3448
1164 214 1489 265 —18-

287 330 522 389 πάθέδθθς
550 332 665 386 Ζηνὶ
689 327 798 385 ‘iffi’
825 331 874 373 ἐῢ
897 330 1055 386 ἤματι·
1075 326 1194 385 Ἥρα
1220 331 1318 388 μὲν,
1343 329 1375 386 ἥ
1404 344 1482 374 σοι
1507 329 1738 388 ’δυσμενὴς
1754 330 1986 402 πάροιθεν
2007 329 2087 388 ἦν,
2112 336 2216 381 Νῧ,
2235 341 2358 382 303„

286 402 572 512 δυνοὸῧ.κ1τέ·
605 479 646 507 v.
677 467 716 506 2.
764 466 965 521 Calliope]
1000 464 1137 507 schol.
1165 466 1300 506 Vatic.
1341 466 1396 505 ad
1430 467 1614 508 Rhenum
1646 480 1687 507 v.
1720 466 1810 507 536.
1842 468 1995 521 (δῦθι
2038 469 2151 511 ἔνιοι
2188 469 2240 514 δὲ
2264 475 2354 517 Εὐ-

287 539 455 593 τέρπης
480 536 557 578 τὸν
581 535 738 590 Ῥῆσον
762 535 1079 590 γενεαλογοῠσι
1104 532 1322 588 καθάπερ
1347 532 1658 588 Ἡράκλειτος.
1700 533 1820 590 φησὶ
1842 531 1908 578 δέ·
1930 533 2124 593 Ἑβδόμη
2150 533 2202 580 δὲ
2225 541 2356 584 Καλ-

289 604 427 657 λιόπη
452 603 641 657 ποίησιν
666 595 776 657 εὗρε
801 601 1042 655 πάντων,
1070 602 1219 655 (vater
1249 598 1539 658 ποιημάτων,
1563 603 1823 656 probabilius
1848 602 1984 655 legas:
2016 603 2272 658 παντοίαν.)

387 673 481 712 lun.
510 682 551 711 v,
576 672 645 711 Μ.
686 672 768 711 Vos
803 671 889 711 lene
930 670 1149 710 eonsilium
1176 677 1214 711 et
1252 669 1375 722 datis]
1412 668 1537 710 Pind.
1565 670 1689 724 Pyth.
1727 670 1776 721 8,
1815 669 1888 712 602
1936 668 2084 723 Apollo
2110 668 2270 716 δίδωσί
2307 688 2353 717 τε

287 740 482 782 Μοῖσαν
508 734 583 791 οἷς
609 737 673 781 ἂν
693 736 831 792 ἐθέλῃ
850 735 1102 792 Ἀπόλεμον
1127 735 1307 792 ἀγαγών
1328 735 1399 789 Ἐς
1425 733 1667 790 πραπίδας
1695 736 1925 795 εὐνομίαν.

386 807 483 848 lmo.
516 819 558 847 v.
581 805 647 847 1⁸3.
684 805 904 846 Ventosum
935 810 972 847 et
996 804 1132 858 urbes]
1188 804 1417 846 Scholiasta
1446 803 1644 857 antiquus
1671 805 2011 859 Frsnequersnus
2043 806 2157 860 apud
2187 808 2351 850 Bosium

286 888 328 927 p.
363 875 429 915 1⁸2.
460 880 503 916 et
529 876 682 915 Comm.
709 873 974 925 Cruquianus
1002 877 1174 914 monent
1205 872 1391 914 ordinem
1418 871 1532 913 hunc
1564 884 1675 914 esse:
1725 886 1881 923 „unus-
1903 874 1973 927 qui
2007 878 2214 928 temperat
2236 876 2351 918 iner-

284 948 372 983 tem
397 948 552 983 terram
583 945 627 982 et
649 946 872 982 ventosum
904 951 1043 989 mare,
1073 946 1116 980 et
1142 940 1214 993 qui
1248 952 1380 992 aequo
1404 940 1581 993 imperio
1607 940 1718 994 regit
1749 942 1877 982 urbes
1901 947 1944 983 et
1972 941 2102 982 tristia
2137 952 2268 995 regna
2308 949 2353 984 et

285 1009 403 1051 divos
432 1013 476 1049 et
495 1008 693 1050 mortales
719 1007 906 1048 turbas.”

387 1078 481 1116 Iam.
511 1088 552 1116 v.
575 1076 642 1117 1ι9.
674 1077 870 1128 Maynum
903 1075 982 1116 illa
1008 1075 1218 1127 terrorem]
1259 1075 1466 1127 Aristoph.
1497 1075 1606 1115 Aves
1633 1075 1756 1116 125⁴:
1809 1075 1890 1119 καὶ
1914 1072 1971 1131 δή
1995 1089 2102 1119 ποτε
2128 1070 2196 1129 εἷς
2222 1076 2352 1132 Πορ-

287 1144 469 1198 φυρίων
494 1143 615 1197 αὐτῷ
642 1143 763 1195 (lovi)
795 1141 1007 1198 παρέσχε
1033 1140 1296 1198 πράγματα.

392 1213 486 1253 lum.
520 1224 559 1252 v.
592 1211 656 1252 5⁷.
697 1210 855 1252 Contra
880 1214 1089 1252 sonantem
1114 1209 1307 1252 Palladis
1331 1208 1490 1263 aegida]
1520 1208 1722 1251 Aristides
1749 1210 1796 1251 iu
1821 1210 2004 1252 Minerva
2027 1222 2070 1266 p.
2103 1211 2166 1252 45.
2192 1212 2344 1253 Dind.:

286 1280 478 1336 Λέγεται
504 1277 570 1332 οἷς
596 1266 754 1334 ἐπειδῆ
782 1279 830 1322 02
852 1277 1066 1333 Γίγαντες
1098 1273 1416 1333 παρετάξαντο
1450 1277 1508 1320 ἐν·
1531 1278 1585 1334 τῇ
1624 1277 1824 1334 Φλέγρᾳ,
1859 1276 2117 1334 Ἐγκέλαδον
2148 1279 2232 1337 μὲν
2267 1280 2351 1322 καὶ

286 1346 392 1399 τοὺς
418 1345 703 1402 ἡγουμένους
729 1345 881 1389 αὐτῶν
905 1344 1066 1389 κτείνει
1103 1345 1134 1401 ἡ
1172 1344 1308 1400 θεὸς,
1352 1344 1447 1398 τοῖς
1487 1343 1535 1388 δ’
1578 1344 1742 1398 ἄλλοις
1779 1346 1912 1400 θεοῖς
1947 1346 2097 1402 ὀλίγον
2128 1347 2178 1390 τὸ
2215 1347 2350 1403 ἔργον

281 1412 494 1471 γίγνεται,
523 1412 623 1457 ἐπεὶ
647 1413 726 1456 καὶ
755 1413 843 1457 τῶν
868 1411 1021 1457 ἄλλων
1042 1411 1276 1469 Γιγάντων
1300 1409 1411 1456 ὅσον
1436 1407 1496 1468 ἦν
1519 1411 1766 1468 κράτιστον
1791 1413 1953 1456 κτείνει
1977 1414 2008 1468 ἡ
2028 1413 2151 1466 θεὸς,
2173 1411 2250 1457 ἅτε
2266 1415 2347 1457 καὶ

282 1480 425 1536 φύσει
449 1481 700 1538 πολεμίους
726 1480 864 1535 ὄντας
892 1482 1030 1537 ἑαυτῇ
1057 1478 1373 1537 διαφερόντως
1400 1479 1681 1537 ἀμυνομένη

383 1552 476 1591 lem.
514 1563 555 1591 v.
584 1549 648 1592 69.
686 1551 811 1591 Testis
835 1550 1036 1603 mearum]
1077 1550 1255 1590 Versum
1281 1549 1394 1590 hunc
1418 1561 1516 1590 cum
1544 1554 1633 1590 tota
1654 1548 1826 1603 stropha
1852 1532 2022 1591 Horatio
2048 1561 2072 1590 a
2103 1551 2349 1591 Buttmanno

282 1619 454 1670 aliisque
482 1618 766 1658 abiudicatum
792 1618 913 1657 affert
937 1618 1176 1658 Priscianus
1207 1630 1250 1669 p.
1281 1617 1372 1657 748.
1406 1616 1576 1658 Putsch.

386 1687 480 1725 lum.
521 1697 562 1725 v,
589 1685 656 1725 72.
696 1685 893 1737 Virqinea
923 1684 1098 1725 domitus
1133 1683 1299 1738 saqitta]
1334 1684 1526 1738 Diphilus
1561 1684 1606 1725 in
1646 1685 1743 1725 Exc.
1782 1684 1913 1725 Grotii
1944 1697 1988 1738 p.
2019 1684 2117 1726 785:
2162 1685 2350 1739 Λητοῦς

287 1752 400 1806 Διός
426 1758 476 1795 τε
500 1748 751 1809 τοξόδαμνε
778 1751 980 1806 παρθένε
993 1781 1005 1801 ,
1028 1751 1106 1803 Ὡς
1134 1753 1181 1794 02
1206 1748 1430 1808 τραγῳδοί
1456 1765 1615 1806 φασιν.

385 1822 479 1860 lum.
513 1831 555 1861 v.
578 1819 642 1859 76.
679 1818 870 1870 Aetnam]
908 1817 1114 1870 Cuningh.
1133 1819 1295 1859 Mitsch.
1314 1820 1441 1859 Doer.
1469 1819 1797 1860 et‘Braunhardi
1824 1818 1955 1860 Codd.
1981 1820 2090 1872 Lips.
2116 1821 2155 1861 l.
2172 1820 2286 1861 Desa.
2304 1821 2340 1859 ¹.

283 1889 463 1934 Aetnen,
491 1887 560 1928 cui
587 1886 821 1939 scripturae
851 1897 952 1927 sane
977 1884 1121 1926 favent
1148 1885 1274 1926 etiam
1301 1884 1432 1926 Codd.
1460 1886 1674 1939 antiquiss.
1703 1886 1923 1928 Bel-nensis
1948 1887 1993 1928 B.
2021 1891 2065 1928 et
2088 1885 2345 1928 Turicensis:

282 1956 478 1997 Aetlmen.

383 2024 471 2065 OD.
511 2025 560 2064 V.
601 2036 640 2064 v.
672 2025 733 2063 ll.
769 2022 929 2074 Vestae]
966 2022 1134 2061 Vestam
1160 2022 1339 2062 Romani
1368 2023 1535 2074 imperii
1555 2024 1709 2075 piqnus
1744 2026 1867 2062 vocat
1894 2023 2053 2064 Seneca
2084 2024 2274 2064 controv.
2306 2023 2344 2071 l,

283 2093 321 2132 5.
354 2105 395 2144 p.
422 2091 485 2133 95.
516 2090 604 2144 Βίρ.

387 2160 479 2199 lum.
515 2171 556 2199 v.
579 2158 642 2199 42.
676 2156 837 2210 Reguli]
880 2156 964 2197 Cir.
993 2155 1121 2196 etiam
1148 2155 1275 2197 Cassii
1300 2155 1443 2197 Dionis
1474 2156 1680 2210 Excerpta
1706 2157 1841 2197 Vatic.
1869 2169 1914 2211 p.
1943 2157 2032 2198 168.
2061 2157 2135 2198 Ed.
2163 2158 2272 2211 Lips.

390 2226 483 2267 ism.
517 2237 558 2266 v.
588 2225 651 2267 lt.
689 2229 727 2265 et
760 2223 941 2277 exemplo
972 2222 1169 2263 trahentis
1208 2223 1437 2263 Perniciem
1477 2224 1635 2264 veniens
1672 2225 1718 2262 in
1751 2224 1905 2277 aevum]
1952 2224 2151 2276 Quamvis
2187 2226 2271 2265 mei
2301 2232 2345 2265 et

285 2292 476 2335 Potticrii
498 2291 595 2331 cod.
622 2301 765 2331 omnes
795 2291 838 2329 in
864 2290 971 2329 hanc
1003 2289 1224 2329 lectionem
1252 2289 1514 2341 conspirent,
1552 2294 1692 2330 tamen
1720 2289 2034 2344 Bernhardyum
2068 2298 2184 2332 recte
2220 2305 2346 2345 prae-

285 2363 397 2403 ferre
430 2361 585 2410 Comm.
616 2359 735 2411 Cruq.
766 2363 809 2398 et
839 2357 1007 2397 Canteri
1034 2357 1209 2397 trahenti
1248 2367 1360 2396 nunc
1391 2355 1586 2396 arbitror.
1643 2357 1856 2398 Genitivus
1887 2357 2015 2398 Codd.
2044 2363 2159 2399 ortus
2191 2365 2255 2400 est
2289 2373 2340 2399 ex

286 2427 532 2482 perantiqua
577 2425 699 2465 huius
736 2423 945 2477 participii
993 2423 1372 2464 accommodatione
1403 2422 1457 2463 ad
1495 2424 1611 2476 prius
1639 2423 1742 2465 illud
1777 2426 2076 2466 Dissentientis.
2130 2419 2264 2479 Atoue
2294 2432 2340 2466 ut

287 2497 337 2536 de
365 2506 491 2535 sensu
522 2498 706 2538 taceam,
743 2492 810 2530 vel
831 2491 919 2543 ipse
946 2503 1070 2531 sonus
1094 2490 1381 2530 Dissentientis
1404 2513 1446 2520 —
1473 2513 1516 2520 —
1538 2491 1734 2532 trahentis
1758 2491 1895 2533 minus
1923 2495 2067 2545 gratus
2092 2498 2168 2534 est.

359 2561 473 2603 ὈΙ).
503 2559 574 2601 Vl.
610 2572 650 2599 v.
684 2557 724 2600 9.
767 2557 856 2598 Iam
882 2557 943 2598 bis
966 2556 1187 2612 Monaeses]
1228 2555 1456 2600 Grotefend
1485 2557 1530 2599 in
1552 2556 1765 2601 Athenaeo
1791 2558 1831 2601 3.
1859 2569 1903 2613 p.
1926 2558 2000 2601 81:
2044 2559 2162 2610 „Die
2181 2560 2338 2602 Numen

288 2630 495 2670 Monaeses
521 2627 610 2668 und
635 2626 821 2667 Pacorus
847 2626 972 2666 tollen
988 2625 1217 2680 fiber-haupt
1242 2626 1317 2667 das
1333 2625 1573 2668 Parthische
1599 2624 1704 2668 Heer
1722 2627 1958 2669 bezeichnen
1971 2660 1984 2676 ‚
2005 2628 2099 2670 weil
2122 2628 2209 2669 sich
2232 2627 2338 2667 dieze

287 2698 457 2738 Miinner
493 2701 612 2736 πιπτει·
644 2693 853 2734 Antonius
878 2703 955 2732 von
992 2692 1252 2734 Parthischer
1298 2692 1401 2734 Seite
1432 2693 1642 2735 besonders
1679 2695 1884 2736 ruthmlich
1914 2697 2065 2750 yezeiyt
2102 2696 2252 2736 hatten.
2285 2716 2339 2723 —

290 2765 588 2817 Interpretatur
619 2772 720 2815 ergo
763 2758 818 2800 de
844 2758 916 2798 illo
945 2758 1132 2800 Monaese
1148 2791 1158 2809 ,
1203 2771 1330 2814 quem
1358 2761 1560 2801 Antonius
1585 2761 1760 2803 alterum
1791 2760 2108 2805 Themistoclem
2144 2761 2333 2802 vocabat.

288 2833 395 2872 Plut.
424 2832 519 2871 Ant.
547 2843 588 2883 p.
615 2830 705 2871 952.
735 2831 786 2869 D.
820 2828 887 2868 Fr.
939 2827 1142 2876 Attamen,
1175 2830 1251 2870 etsi
1275 2828 1420 2869 mirari
1441 2828 1565 2878 licet,
1600 2840 1675 2871 cur
1700 2832 1881 2872 Surenas
1905 2832 1999 2880 ille,
2030 2830 2163 2872 Crassi
2187 2828 2332 2877 victor,

289 2899 344 2940 ab
371 2910 455 2939 uno
480 2898 646 2939 Horatio
669 2898 877 2939 Monaeses
905 2893 1159 2947 appelletur,
1197 2907 1237 2936 v.
1262 2896 1324 2938 bis
1348 2900 1550 2937 monstrat
1571 2900 1736 2951 poetam
1762 2897 1815 2939 de
1842 2892 1969 2940 rebus
1996 2898 2076 2947 ita,
2123 2902 2170 2938 ut
2192 2901 2334 2951 gestae

289 2970 432 3014 erant,
475 2964 589 3018 loqui
625 2964 822 3012 voluisse,
870 2966 914 3004 ct
957 2971 1057 3003 sane
1091 2964 1185 3015 post
1219 2962 1341 3005 XXX.
1375 2963 1543 3005 circiter
1580 2975 1710 3008 annos
1743 2966 1958 3020 proprium
1991 2965 2108 3007 ducis
2151 2963 2333 3005 Parthici

290 3043 444 3076 nomen
466 3036 509 3074 et
532 3042 653 3075 nosse
678 3037 721 3074 et
745 3030 981 3075 meminisse
1006 3032 1183 3084 poterat.
1239 3030 1427 3073 Ceterum
1456 3036 1616 3073 rectum
1648 3035 1854 3078 Monaeses
1883 3032 2053 3075 exhibet
2076 3033 2200 3074 etiam
2234 3031 2330 3069 Pot-

285 3101 394 3144 tierii
425 3099 524 3141 Cod.
553 3097 667 3140 8072.
703 3100 792 3140 Sec.
825 3100 900 3149 Χ.;
927 3098 1077 3150 reliqui
1101 3098 1192 3139 eius
1218 3107 1355 3141 omnes
1379 3102 1591 3142 Μοκαεεᾰε.
1630 3128 1632 3131 -
