2832 3448
1167 217 1492 268 ..12-

287 333 427 373 velata
453 333 609 373 dicitur
634 332 774 377 Fides,
804 331 848 370 id
875 336 961 376 est,
1003 333 1144 370 raro.''
1197 334 1353 373 Verum
1380 333 1525 373 durior
1558 327 1901 373 estconstructio
1945 332 2066 376 Fides
2099 336 2194 379 albo
2228 336 2367 392 panno

287 411 393 439 rara
419 402 548 440 velata
578 422 620 428 —
638 399 729 438 vel:
757 397 805 436 F.
834 411 874 437 a.
896 410 941 449 p.
976 398 1105 438 velata
1134 411 1251 445 rara,
1279 405 1426 450 atque,
1457 405 1504 440 ut
1528 399 1668 440 mittas
1693 398 1903 439 incertam
1922 401 2032 442 coni.
2053 401 2244 456 abnegas,
2276 407 2366 460 ipsa

287 467 497 507 sententia
523 466 771 506 Horatianae
798 462 994 519 ἀφελείᾳ
1021 464 1281 506 adversatur.
1312 465 1440 507 Nobis
1467 466 1705 508 etiamnunc
1731 476 1832 506 rara
1865 465 1987 509 Fides
2014 473 2103 519 est,
2133 481 2243 523 quae
2272 485 2367 515 raro

289 536 402 577 inter
427 534 623 576 mortales
651 533 883 587 reperitur,
930 538 973 576 et
1003 532 1096 574 albo
1123 532 1254 574 velata
1280 545 1420 587 panno
1447 533 1639 587 picturae
1664 533 1853 588 poeticae
1878 533 2074 578 inservit:
2126 548 2222 579 cum
2253 542 2365 583 enim

287 604 333 642 in
375 603 549 655 picturis
592 597 974 643 Herculanensibus
1012 606 1055 642 et
1097 602 1363 655 Pompeianis
1397 600 1525 650 deae,
1569 608 1617 643 ut
1653 603 1717 643 ita·
1746 601 1902 650 dicam,
1944 603 2174 657 simplices,
2227 608 2361 657 mites,

287 670 523 717 beneficae,
556 674 780 719 venustae,
812 675 859 711 ut
886 669 1039 719 Diana,
1074 669 1214 719 Ceres,
1248 670 1409 718 Venus,
1444 668 1551 710 albis
1581 668 1768 710 vestibus
1788 669 2035 722 plerumque
2061 672 2234 715 indutae
2253 685 2366 716 com-

285 738 481 790 pareant,
515 736 665 790 quidni
689 737 816 778 etiam
845 736 1088 778 suavissimo
1119 737 1235 778 Fidei
1266 737 1425 778 numini
1455 737 1523 776 vel
1548 741 1664 777 certe
1696 737 1787 778 eius
1816 738 1909 778 velo
1937 735 2051 778 hunc
2078 741 2263 782 colorem
2291 744 2365 783 tri-

284 805 476 854 buerint,
522 810 621 859 apte
662 803 968 859 significantem
1013 804 1300 860 incorruptam
1324 805 1434 846 illius
1463 801 1748 858 integritatem
1777 804 2086 857 candoremque
2118 803 2271 849 animi?
2320 833 2360 839 —

283 873 421 914 Aliam
451 873 562 914 viam
591 873 805 928 ingressus
835 877 899 914 est
930 873 1148 927 Gargallus
1178 875 1362 914 comitem
1387 878 1469 914 cet.
1498 873 1782 926 interpretans
1814 885 1949 921 „eum
1980 873 2206 924 hominem,
2240 890 2364 929 quem

287 946 412 982 autea
431 940 550 982 Fides
581 941 778 982 comitata
811 947 896 990 est,
927 953 1012 982 non
1040 942 1242 983 deserit:'’

811 1041 839 1057 ‚‚
853 1010 905 1050 Te
932 1008 1072 1062 Speme
1101 1022 1266 1057 venera,
1294 1023 1314 1051 e
1340 1011 1385 1050 in
1412 1009 1559 1050 bianca
1586 1004 1698 1050 'vesta

808 1077 886 1125 Fe,
915 1077 997 1117 clt’e
1019 1078 1056 1117 si
1087 1089 1211 1125 rara,
1242 1089 1325 1117 non
1355 1078 1442 1116 mai
1466 1078 1749 1128 scompaynasi
1761 1108 1771 1123 ‚

805 1145 866 1184 Νὲ
896 1145 1020 1185 l'aom
1047 1146 1225 1191 disdice,
1250 1145 1295 1183 ‘di
1325 1145 1392 1183 cui
1419 1149 1463 1183 tu
1490 1144 1640 1184 l’auree

806 1213 960 1264 Soqlie,
989 1212 1273 1264 canqia‘ndoti,
1302 1212 1405 1251 lasci
1429 1211 1652 1251 molestat’'

287 1291 394 1331 quae
410 1285 548 1319 tamen
567 1280 674 1319 ratio
692 1280 920 1331 (abneqare
949 1281 1131 1319 comitem
1153 1291 1231 1331 pro
1249 1278 1451 1329 deserere)
1478 1278 1649 1318 Latinae
1673 1278 1965 1320 consuetudini
1982 1284 2214 1333 repugnat3
2234 1280 2365 1321 idem-

284 1358 366 1396 que
395 1344 509 1386 cadit
532 1348 576 1387 in
594 1346 771 1387 similem
797 1346 964 1387 Ioannis
977 1345 1127 1387 Clerici
1146 1345 1472 1398 expositionem:
1504 1343 1707 1394 „Fideles
1731 1345 1854 1386 amici
1872 1351 1916 1386 et
1931 1345 2113 1387 reditum
2132 1351 2251 1388 tuum
2269 1359 2365 1401 spe-

283 1418 425 1455 rantes
442 1425 527 1454 non
545 1412 759 1467 abnegant
777 1424 863 1462 eos,
899 1412 1051 1466 quibus
1069 1412 1255 1454 secunda
1278 1417 1334 1461 te,
1355 1424 1380 1452 ο
1397 1413 1579 1452 Fortuna
1590 1443 1601 1461 ,
1632 1424 1773 1453 comes
1788 1413 1940 1460 fueris,
1960 1410 2150 1466 quamvis
2166 1426 2238 1455 eos
2253 1426 2366 1454 nunc

282 1481 545 1534 reliqueris.'‘
578 1503 621 1510 -
669 1480 733 1521 Ad
763 1480 920 1534 verba:
969 1481 1094 1521 Ferre
1130 1482 1272 1534 iuqum
1299 1481 1461 1532 pariter
1500 1481 1633 1520 dolosi
1663 1480 1811 1521 confer
1840 1481 1978 1521 Plauti
2004 1481 2098 1521 Aul.
2128 1482 2175 1529 2,
2209 1482 2255 1530 2,
2290 1482 2364 1522 52:

283 1549 356 1589 ubi
378 1555 508 1590 tecum
537 1550 778 1590 coniunctus
807 1549 930 1596 siem,
962 1548 1041 1588 Ubi
1067 1560 1169 1588 onus
1195 1559 1391 1601 nequeam
1411 1547 1522 1601 ferre
1540 1549 1724 1600 pariter,
1752 1549 1908 1588 iaceam
1935 1561 2005 1601 eqo
2030 1550 2174 1589 asinus
2196 1551 2241 1589 in
2265 1550 2364 1590 luto.

392 1617 481 1658 OD.
508 1618 690 1658 XXXVI.
739 1629 781 1658 v.
814 1617 877 1656 lit.
914 1616 1101 1657 Threicia
1133 1638 1174 1644 -—
1208 1614 1421 1668 amystide]
1465 1626 1590 1667 quam
1613 1615 1843 1668 exprobrat
1872 1614 2011 1657 Rheso
2053 1617 2208 1657 Hector
2238 1615 2363 1658 Rhes.

286 1686 379 1727 403.
407 1686 483 1726 Ed.
508 1686 660 1725 Vater:
687 1707 741 1716 —
768 1683 853 1727 οὐκ
879 1684 927 1727 ἐν
955 1680 1159 1740 δεμνίοις
1177 1682 1373 1738 Πυκνὴν
1394 1681 1597 1739 ἄμυστιν
1623 1683 1687 1736 ὥς
1716 1682 1776 1727 σὺ
1801 1679 2104 1739 δεξιούμενοι.
2130 1684 2204 1725 ubi
2222 1683 2360 1726 Schol.

288 1754 449 1794 Vatic.:
478 1751 555 1795 ἐπὶ
580 1752 663 1807 τῆς
679 1750 899 1795 ἀπνευστὶ
924 1749 1125 1803 πόσεως,
1152 1750 1217 1803 ὠς
1243 1751 1493 1805 Κρατῖνος·
1515 1750 1629 1793 Ἀλλ’
1653 1746 1737 1794 οὖν
1755 1751 1850 1805 θεῷ
1870 1749 2147 1805 σπείσαντας
2165 1750 2364 1808 ἄμυστιν

288 1818 367 1863 δεῖ
386 1820 530 1863 πιεῖντ
560 1819 635 1860 ubi
665 1824 839 1873 propter
867 1831 936 1859 vv.
961 1817 1199 1867 ἀπνευστὶ,
1227 1817 1292 1869 ὥς
1318 1819 1413 1873 Κρ.
1443 1819 1525 1872 leg.
1558 1818 1727 1859 videtur
1759 1817 1943 1875 ἀμυστί.

393 1889 490 1927 Ιιιω.
520 1900 560 1927 v.
592 1888 655 1927 ¹7.
698 1893 840 1939 putres
862 1908 905 1916 —-
927 1885 1078 1938 oeulos]
1126 1886 1295 1926 Lucian.
1329 1888 1469 1927 Amor.
1507 1886 1577 1927 15:
1620 1884 1645 1929 ὁ
1672 1886 1917 1942 Χαρικλῆς
1945 1885 2037 1931 ὑπὸ
2069 1888 2150 1932 τοῦ
2176 1885 2364 1943 σφόδρα

287 1952 504 2010 θάμβους
531 1952 691 2011 ὀλίγου
718 1951 813 1997 δεῖν
838 1951 1057 2008 ἐπεπήγει
1082 1951 1277 2006 τακερόν
1306 1967 1348 1994 τι
1371 1952 1453 1994 καὶ
1478 1952 1587 2007 ῥέον
1611 1953 1660 1995 ἐν
1685 1953 1781 2006 τοῖς
1808 1952 2016 2010 ὄμμασιν
2041 1953 2284 2010 ὑγραίνων.

392 2023 479 2063 OD.
508 2021 712 2062 XXXVII.
746 2033 787 2060 v.
815 2021 853 2060 7.
888 2018 1061 2072 Regina]
1090 2020 1264 2059 Exstant
1289 2020 1448 2059 nummi
1474 2021 1526 2060 M.
1557 2020 1726 2060 Antonii
1752 2032 1847 2060 cum
1879 2021 2169 2075 inscriptione:
2201 2023 2364 2064 CLEO—

292 2090 521 2130 PATRAE.
546 2088 812 2131 REGINAE.
845 2086 1052 2129 REGVM.
1086 2086 1373 2127 FILIORVM.
1404 2086 1612 2128 REGVM.
1646 2085 1803 2129 Eckhel
1819 2089 1871 2129 D.
1899 2089 1948 2130 N.
1969 2088 2008 2131 6.
2037 2102 2079 2143 p.
2099 2090 2164 2131 117.
2204 2113 2246 2120 —
2276 2090 2361 2131 Cic.

289 2158 344 2198 de
370 2157 473 2209 Rep.
498 2158 524 2197 2
539 2188 550 2205 ‚
582 2157 655 2198 50:
702 2156 887 2208 Populus
926 2155 1135 2195 Romanus
1158 2155 1280 2206 pulso
1315 2155 1540 2207 Tarquinio
1566 2167 1712 2196 nomen
1738 2157 1877 2209 reqis
1903 2157 2050 2199 audire
2074 2170 2158 2198 non
2187 2163 2361 2210 poterat.

289 2225 368 2266 Hic
385 2229 498 2266 tacet
514 2224 565 2265 de
582 2226 636 2267 M.
661 2223 861 2271 Antoni03
888 2222 988 2265 satis
1015 2232 1157 2263 amare
1185 2221 1229 2261 in
1256 2221 1437 2263 eundem
1461 2220 1676 2263 invehitur
1700 2223 1743 2263 in
1769 2234 1855 2263 uno
1872 2223 1943 2264 illo
1962 2225 2147 2265 carmine
2161 2224 2290 2278 Epod.
2311 2225 2362 2271 93

288 2293 366 2335 sed
411 2298 510 2334 ante
554 2293 640 2335 eius
693 2292 909 2334 interitum
924 2323 935 2340 ‚
989 2301 1086 2331 cum
1148 2289 1402 2331 Octavianus
1450 2289 1773 2332 dominationem
1821 2291 1910 2332 sine
1956 2293 2118 2333 aemulo
2180 2293 2362 2334 nondum

288 2362 469 2415 adeptus
496 2365 618 2402 esset.

391 2427 488 2469 lam.
523 2439 564 2467 v.
595 2427 635 2468 9.
681 2428 964 2468 contaminato
1004 2438 1095 2466 eum
1129 2437 1248 2478 yreqe
1286 2426 1469 2477 turpium
1503 2425 1644 2465 Morbo
1669 2426 1864 2479 vivorum]
1895 2428 2049 2467 Locum
2080 2427 2361 2468 obscuriorem

289 2498 468 2539 illustrat
492 2495 702 2537 Lucianus
735 2496 871 2536 Amor.
903 2495 991 2543 21„
1026 2493 1100 2534 ubi
1132 2493 1186 2533 de
1214 2493 1417 2533 eunuchis
1453 2493 1616 2533 locutus
1654 2492 1712 2533 sic
1752 2494 1913 2547 pergit:
1965 2490 2110 2548 οὕτως
2144 2494 2175 2551 ἦ
2210 2492 2360 2551 μιαρὰ

291 2564 371 2606 καὶ
394 2563 567 2616 παντὸς
595 2562 746 2605 κακοῦ
771 2560 1047 2614 διδάσκαλος
1073 2559 1230 2614 τρυφὴ
1258 2559 1406 2612 ἄλλην
1431 2559 1510 2601 ἀπ’
1531 2558 1679 2613 ἄλλης
1704 2558 1876 2614 ἡδονὰς
1902 2560 2240 2617 ἀναισχύντους
2266 2562 2363 2604 ἐπι·

289 2632 462 2674 νοοῦσα
496 2630 676 2685 μέχρι
717 2628 815 2683 τῆς
857 2627 983 2671 οὐδὲ
1032 2628 1286 2682 ῥηθῆναι
1328 2624 1648 2682 δυναμένης
1690 2627 1988 2682 εὐπρεπῶς
2020 2627 2192 2673 νόσου
2217 2626 2361 2670 nutui·

288 2699 464 2742 λισδεν.
516 2696 728 2740 Eunuchis
754 2695 885 2750 igitur
921 2696 1004 2736 suis
1039 2695 1257 2749 Cleopatra
1298 2693 1415 2735 abuti
1456 2692 1616 2734 solebat
1653 2694 1706 2735 ad
1735 2694 2111 2738 libidinosissimam
2146 2706 2357 2742 venerem,

290 2778 417 2820 quam
448 2766 618 2821 proprio
657 2763 865 2806 vocabulo
896 2762 1061 2816 signant
1104 2764 1242 2817 Priap.
1281 2764 1354 2811 78,
1385 2762 1424 2802 2.
1461 2767 1504 2803 et
1540 2763 1713 2804 Martial.
1749 2764 1819 2813 42,
1850 2764 1923 2805 59:
1969 2763 2083 2805 hunc
2114 2775 2283 2817 prorsus
2313 2768 2360 2803 ut

292 2831 487 2876 Horatius
517 2834 642 2874 etiam
670 2832 879 2873 Lucianus
909 2829 1094 2869 morbum
1120 2836 1260 2879 vocat,
1294 2841 1419 2882 quem
1449 2829 1623 2870 honeste
1652 2830 1867 2871 nominare
1898 2843 1981 2872 non
2004 2832 2143 2872 liceat.

396 2903 491 2941 lum.
527 2912 567 2940 v.
606 2901 668 2941 17.
713 2897 923 2951 accipiter]
967 2895 1091 2936 Ovid.
1133 2898 1225 2937 Met.
1265 2898 1311 2945 5,
1359 2896 1457 2937 606:
1518 2897 1570 2936 Ut
1610 2898 1708 2938 solet
1745 2898 1939 2949 accipiter
1977 2897 2157 2950 trepidas
2202 2897 2358 2947 ayitare

292 2969 513 3010 columbas.

395 3034 491 3076 ln'm.
525 3049 565 3076 v.
595 3036 663 3077 21.
694 3041 944 3080 monstrum3
968 3030 1087 3085 quae]
1116 3031 1209 3073 Ter.
1238 3031 1340 3075 Eun.
1369 3033 1415 3080 Ιι,
1444 3031 1490 3081 5,
1514 3032 1562 3073 5:
1599 3032 1770 3074 Scelus
1792 3038 2006 3086 postquam
2039 3028 2357 3080 ludificatus

291 3111 349 3147 est
372 3104 593 3157 virqimm0
