2832 3448
1284 207 1606 255 -24-

479 328 481 331 “
518 325 611 364 lau).
640 336 677 362 v.
706 322 770 363 6¹.
804 321 897 361 Non
923 321 1069 373 Hydra
1093 327 1198 360 secto
1227 333 1393 374 corpore
1418 321 1595 374 fimiior]
1620 320 1759 373 Eurip.
1788 319 2018 363 Βοιωτίαν.
2053 323 2174 363 mli:
2212 324 2374 379 Τήνῳ
2395 324 2476 381 ἀμ-

404 390 645 445 -φίκρανον
680 387 761 430 καὶ
798 387 1125 444 παλιμβλαστῆ
1165 386 1283 430 κύνα
1313 385 1484 441 Ὕδραν
1511 387 1759 441 φονεύσας.
1809 385 1923 426 Idem
1949 389 2106 430 dictum
2137 401 2160 430 a
2186 391 2325 432 Cassio
2349 393 2479 434 Dione

415 459 528 510 (Exe.
556 457 648 496 Vat.
674 468 717 509 p.
745 455 811 495 30.
840 455 970 508 Lips.)
1006 454 1204 494 tribuitur
1220 453 1407 506 Pyrrho:
1443 453 1508 506 ὥς
1535 454 1584 497 τὸ
1615 453 1872 508 στράτευμα
1908 454 1990 495 τοῦ
2015 455 2243 510 Λαβινίου
2279 457 2480 510 (Laevini)

417 523 568 578 πολλῷ
593 523 751 567 πλεῖον
777 523 859 566 τοῦ
883 521 1090 577 πρόσθεν
1116 518 1254 572 εἶδεν,
1282 518 1455 577 Ὕδρας
1482 522 1576 578 ἔφη
1603 519 1734 577 δίκην
1756 520 1816 564 τὰ
1838 518 2123 576 στρατόπεδα
2148 523 2235 567 τῶν
2255 521 2481 580 Papam

416 590 672 647 κοπτόμενα
696 589 1020 644 ἀναφύεσθαι.Ι

516 660 609 699 lam.
642 672 683 699 v,
712 658 778 700 65.
812 659 960 699 Merses
982 655 1217 710 profundo.-
1243 657 1460 710 pulchrior
1486 656 1604 711 exiet]
1635 657 1774 711 Eurip.
1808 656 1950 710 Suppl.
1981 654 2072 697 225.
2111 658 2164 700 de
2195 657 2385 701 Athenis:
2419 660 2478 717 σὴ

413 725 598 781 πάτρις·
626 727 675 770 ἐν
697 725 785 784 γὰρ
811 725 907 779 τοῖς
944 723 1158 770 πόνοισιν
1183 721 1388 781 αὔξεται.
1439 749 1482 755 -
1535 726 1654 766 Exiet
1683 730 1746 766 est
1786 723 1897 779 apud
1932 724 2103 764 'ren-tull.
2146 727 2239 768 adv.
2273 726 2363 769 lud.
2397 728 2477 776 Γᾶ,

410 794 542 834 redies
569 794 681 847 apud
706 792 857 846 Appul.
884 794 984 834 Met.
1017 806 1061 845 p.
1089 793 1181 833 1²19.
1236 793 1399 833 Acriter
1438 791 1710 846 reprehendit
1739 792 1981 845 Bernhardy
2010 803 2149 837 meum
2193 799 2236 834 et
2261 795 2479 836 Meineckii

411 861 613 902 iudicium
644 866 768 913 atque
800 861 932 901 evenit
956 860 1081 914 longe
1112 859 1312 913 praefert.
1367 859 1546 901 Vidento
1579 860 1704 901 etiam
1735 859 1819 901 alii.

514 930 608 969 Ιιιιιι.
649 941 691 970 v.
713 928 778 969 75.
819 928 893 970 Nil
924 927 1137 981 Claudiae]
1178 927 1323 969 Tribui
1353 928 1459 969 haec
1490 927 1734 976 Hannibali3
1783 927 1842 969 sic
1879 926 1999 968 Pind.
2045 926 2210 979 Olymp.
2244 929 2282 967 lt.
2324 931 2477 984 Ergini‚

410 1009 494 1037 non
519 1000 692 1049 poetae,
729 996 872 1037 verbis
899 995 1056 1045 finitur,
1090 997 1150 1037 sic
1176 997 1293 1037 Nem.
1324 997 1361 1035 l.
1395 996 1578 1036 Tiresiae
1604 996 1815 1037 vaticinio.

514 1064 604 1105 OD.
636 1065 689 1104 V.
726 1077 767 1104 ν.
801 1064 840 1104 7.
878 1065 1036 1116 gratior
1062 1065 1095 1103 it
1123 1063 1223 1115 dies]
1266 1063 1372 1102 Plin.
1402 1064 1557 1116 Paneg.
1586 1063 1657 1104 68:
1691 1075 1855 1103 securus
1883 1063 1957 1103 tibi
1982 1068 2019 1103 et
2040 1064 2168 1102 laetus
2190 1062 2275 1102 dies
2301 1066 2395 1103 exit.

518 1133 614 1171 lum.
649 1145 690 1171 v.
719 1131 783 1171 50.
820 1131 942 1183 redit]
976 1130 1056 1170 Alii
1086 1131 1212 1177 venit;
1246 1130 1305 1169 sic
1333 1141 1410 1182 pro
1437 1131 1588 1169 rediret
1618 1130 1688 1170 alii
1711 1132 1860 1170 veniret
1891 1131 1994 1183 Epp.
2027 1131 2073 1177 2,
2108 1130 2152 1177 2,
2182 1128 2246 1169 22.

517 1199 604 1240 OD.
639 1200 708 1239 vl.
742 1211 782 1238 v.
808 1199 871 1238 ll.
921 1196 1121 1249 Procidit]
1172 1196 1290 1236 Adde
1317 1208 1369 1236 ex
1408 1196 1583 1237 Scholiis
1612 1197 1747 1238 Vatic.
1789 1197 1832 1237 in
1864 1196 2047 1238 Troadas
2078 1211 2115 1237 v.
2151 1196 2221 1237 lli:
2268 1194 2479 1253 Ἀχιλλέα

417 1265 609 1309 ἐλθόντα
631 1264 706 1307 ἐπὶ
732 1264 810 1308 τὸν
834 1262 983 1321 γάμον
1007 1264 1089 1319 τῆς
1115 1259 1388 1317 Πολυξένης
1416 1264 1462 1306 οὶ
1486 1277 1594 1318 περι
1615 1260 1912 1319 Ἁλέξανδρον
1931 1266 1978 1308 ἐν
2008 1259 2066 1319 τῷ
2100 1263 2181 1308 τοῦ
2210 1264 2481 1320 Θυμβραίου

409 1331 692 1385 ’Λπόλλωνος
720 1332 828 1387 ιερῷ
861 1330 1056 1389 λόγχαις
1085 1329 1279 1374 ἀνεῖλον.

512 1403 607 1442 lun.
653 1413 694 1441 v.
729 1401 791 1440 17.
829 1401 993 1453 palam
1004 1399 1148 1452 captis]
1194 1400 1443 1440 Buttmanno
1482 1399 1693 1452 placebat
1710 1400 1855 1452 palam
1900 1405 2062 1453 captor,
2098 1399 2346 1440 vocabulum
2381 1411 2480 1440 sane

410 1470 661 1516 barbarum3
689 1480 787 1508 nam
818 1480 913 1508 cum
935 1469 1059 1507 unice
1084 1468 1297 1519 legeretur
1326 1468 1370 1507 in
1396 1468 1505 1507 malo
1532 1468 1831 1520 epioerammate
1858 1469 2024 1509 Anthol.
2062 1469 2200 1508 Burm.
2233 1467 2279 1515 5,
2315 1466 2409 1515 162,
2438 1468 2476 1508 8.

409 1538 469 1577 ibi
499 1539 691 1590 Meyerus
721 1548 839 1576 meus
869 1536 918 1575 N.
953 1535 1080 1576 1095.
1101 1547 1124 1575 e
1152 1535 1253 1575 Cod.
1287 1535 1455 1576 Salmas.
1487 1535 1603 1576 dedit
1628 1541 1783 1587 raptor.

513 1607 608 1644 lum.
652 1618 694 1644 v.
728 1604 791 1644 56.
843 1604 922 1643 mei
951 1627 993 1632 —
1018 1604 1188 1644 Pollicis
1214 1602 1353 1654 ictum]
1395 1600 1862 1659 χειρονομοῦντάμε.
1914 1602 1997 1643 Cir.
2026 1602 2274 1644 Boissonade
2310 1602 2363 1644 ad
2389 1603 2480 1643 Ari-

416 1677 548 1711 staen.
582 1684 624 1723 p.
653 1672 745 1712 5812.

521 1740 615 1779 inm.
661 1751 701 1778 v.
728 1739 792 1780 58.
850 1737 1120 1791 Noctilucam]
1154 1739 1283 1778 Inscr.
1314 1738 1445 1779 Musei
1475 1737 1619 1778 Kirch.
1653 1737 1719 1779 ed.
1746 1738 1932 1778 Brunatii
1964 1750 2005 1790 p.
2037 1737 2108 1778 10:
2150 1737 2275 1779 BON.
2313 1737 2476 1777 DEAE.

417 1807 745 1847 LVCJFERAE.
770 1805 1048 1847 ANTISTIA.
1075 1805 1320 1846 VETERIS.
1345 1805 1453 1846 LIB.
1486 1806 1611 1847 EVR.
1636 1805 1689 1846 D.
1711 1805 1764 1846 D.

519 1874 609 1915 OD.
640 1875 744 1915 Vll..
772 1887 812 1915 v.
841 1873 906 1914 23.
949 1874 1147 1925 pudicum
1178 1895 1220 1902 —
1250 1872 1532 1926 Hippolytum]
1574 1872 1679 1914 Vide
1714 1873 1924 1928 egregiam
1954 1874 2159 1927 picturam
2186 1874 2480 1928 Pompeianam

413 1942 456 1981 in
477 1942 617 1982 Museo
638 1941 775 1981 Borb-
793 1940 884 1980 Vol.
908 1940 978 1980 ΧΙ.
1012 1940 1058 1979 Τ.
1086 1941 1125 1979 2.

518 2009 606 2049 OD.
641 2009 748 2048 vlll.
787 2020 827 2046 V.
859 2007 921 2046 15.
960 2008 1217 2058 Reiectaeque
1256 2007 1495 2058 retrorsum]
1542 2008 1757 2060 Exemplis.
1781 2007 1888 2048 adde
1931 2008 2036 2048 Plin.
2074 2009 2227 2061 Paneg.
2259 2008 2331 2049 58:
2375 2014 2480 2049 retro

418 2088 635 2116 recurrere.

519 2144 610 2182 lum.
645 2155 684 2181 v.
718 2142 782 2181 20.
824 2142 1024 2181 Calabrae
1049 2140 1249 2192 Pierides]
1297 2140 1451 2180 Ennius
1483 2141 1724 2180 nominatim
1754 2142 1798 2181 in
1826 2142 2017 2194 Scipione
2044 2144 2183 2194 (quam
2221 2144 2397 2184 Satiram
2428 2157 2478 2184 ex

421 2210 649 2260 antiquiore
675 2208 975 2262 significatione
1014 2208 1140 2248 fuisse
1169 2207 1397 2247 arbitratur
1423 2206 1579 2248 Lersch
1612 2208 1656 2248 in
1682 2209 1823 2248 Museo
1848 2209 1980 2250 Rhen.
2010 2210 2056 2258 5,
2119 2223 2203 2263 ..p
2238 2209 2368 2262 416..)
2388 2209 2475 2251 ubi

419 2277 532 2316 inter
558 2276 636 2315 alia
659 2275 764 2316 haec
790 2275 915 2316 dicit:
960 2275 1166 2326 Quantam
1195 2279 1374 2315 statuam
1404 2273 1529 2326 faciet
1550 2275 1727 2326 populus
1754 2275 1981 2324 Romanus,
2018 2282 2213 2330 quantam
2234 2278 2474 2322 columna-m,

420 2356 524 2395 quae
546 2355 610 2382 res
638 2348 726 2383 tuas
745 2350 875 2396 aestas
901 2343 1121 2396 loquatur?

523 2411 619 2450 lmn.
654 2422 693 2449 v.
726 2410 788 2449 27.
831 2410 1022 2451 divitibus
1052 2414 1257 2450 consecrat
1289 2408 1453 2461 insulis]
1496 2409 1654 2450 Seneca
1677 2408 1730 2449 de
1761 2410 1881 2450 Prov.
1912 2410 1976 2451 22.
2014 2411 2125 2451 Mors
2146 2412 2238 2452 illos
2258 2417 2474 2453 consecrat

419 2491 591 2531 quorum
621 2479 775 2518 exitum
799 2484 835 2517 et
857 2480 927 2529 qui
959 2481 1101 2518 timent
1130 2479 1315 2518 laudant.

522 2545 610 2588 OD.
645 2546 716 2587 IX.
748 2557 788 2585 v.
821 2544 884 2585 29.
930 2546 1124 2586 Paullum
1150 2545 1331 2598 sepultae
1362 2544 1488 2584 distat
1518 2545 1690 2585 inertiae
1715 2544 1851 2587 Celata
1878 2545 2020 2600 virtus]
2055 2548 2247 2589 Consulto
2276 2548 2342 2589 hic
2374 2558 2475 2598 quo-

424 2626 503 2665 que
535 2613 699 2655 silentio
729 2610 930 2665 praeterii
957 2611 1231 2665 Peerlkampii
1270 2611 1579 2665 suspicionem:
1622 2612 1842 2653 Paullum
1854 2614 2002 2666 sepulti
2043 2619 2122 2655 cet.
2177 2616 2319 2656 Melius
2352 2625 2474 2665 quam

420 2680 549 2722 ceteri
574 2679 829 2722 Scholiastae
861 2678 1162 2719 commentator
1186 2680 1530 2731 Fr'anequeranus
1561 2679 1749 2731 exposuit
1776 2681 1914 2720 locum
1939 2692 2200 2735 nequaquam
2232 2680 2463 2721 difficilem:

422 2748 570 2798 „Nihil
597 2748 772 2789 interest
800 2746 912 2787 inter
935 2745 1109 2785 celatam
1136 2746 1329 2787 virtutem
1360 2750 1403 2786 et
1430 2746 1655 2794 inertiam3.
1678 2757 1771 2787 nam
1797 2749 1928 2788 virtus
1959 2760 2105 2790 carens
2133 2750 2365 2790 litterarum
2386 2759 2473 2786 mo-

421 2817 629 2858 numentis
665 2814 923 2870 procedente
968 2818 1154 2866 tempore
1184 2815 1319 2865 perdit
1358 2815 1510 2853 samam
1547 2819 1588 2853 et
1629 2816 1768 2856 similis
1803 2816 1850 2854 fit
1891 2817 2113 2869 ignaviae,v
2150 2817 2202 2856 de
2241 2809 2322 2867 qu‘a
2353 2828 2472 2854 nemo

423 2884 644 2936 loquitur.''
1285 2882 1300 2898 ⁶

527 2953 619 2990 lam.
661 2965 699 2990 v.
732 2953 797 2991 54.
843 2952 1007 2990 animus
1038 2972 1079 2978 —
1111 2949 1271 2989 Vindex
1301 2972 1341 2978 -
1376 2949 1614 3002 Consulque]
1660 2950 1865 3005 Exemplis
1899 2964 1921 2992 a
1955 2952 2140 2994 Bentleio
2183 2951 2315 2993 allatis
2343 2947 2469 2990 addas

425 3019 526 3058 licet
547 3020 652 3065 Ptin.
678 3020 849 3072 Paneg„
864 3017 938 3058 53:
969 3023 1224 3068 contemptor·
1240 3016 1472 3057 ambitionis
1501 3023 1540 3058 et
1565 3017 1750 3069 infinitae
1771 3021 1978 3072 potestatis
2004 3021 2176 3062 domitor
2202 3031 2248 3058 ac
2286 3015 2468 3067 frenator

426 3087 590 3125 animus
614 3086 703 3136 ipsa
734 3091 917 3126 vetustate
943 3085 1131 3136 florescit.
