2832 3448
1253 183 1577 232 -26-

376 298 483 340 Aen.
519 299 564 348 1,
597 297 683 340 59;’
712 306 879 349 spumas
912 295 1015 337 salis
1058 307 1150 337 aere
1194 298 1381 339 ruebant.
1436 301 1498 341 De
1524 298 1741 354 multiplici
1771 310 1810 339 v.
1843 310 1919 339 ora
1948 311 2026 342 usu
2050 298 2162 354 apud
2193 304 2339 355 poetas
2369 302 2445 345 cir.

382 365 669 409 Marklandum
698 363 754 405 ad
779 362 900 404 Statii
931 363 1028 404 Silv.
1058 363 1105 411 2,
1133 364 1177 412 1,
1211 364 1302 405 215.

480 444 627 487 ΕΡΟΙ).
656 444 707 485 V.
737 455 778 484 v,
808 443 873 484 26.
907 443 1148 496 Avernales]
1177 445 1239 485 De
1266 446 1597 502 ψυχομαντείῳ
1625 447 1680 488 ad
1698 448 1903 489 Avernum
1920 446 2015 501 lege
2033 449 2254 490 Maximum
2270 451 2443 504 Tyrium

379 516 483 555 Diss.
513 514 585 562 14,
615 513 654 552 2.

483 595 576 635 lmn.
606 606 648 634 v.
677 592 743 634 28.
774 604 942 634 currens
968 591 1081 645 aper]
1121 592 1220 634 Post
1249 592 1406 634 Heinsii
1436 597 1479 634 et
1499 593 1678 636 Bentleii
1704 595 1887 636 Laurens
1911 593 2217 639 Praedicowius
2234 600 2450 652 proposuit

377 668 559 710 certans,
600 660 917 714 Peerlkampius
947 672 1093 709 ruens,·
1142 672 1226 714 quo
1252 660 1353 714 quid
1383 662 1596 702 lucremur
1631 673 1716 702 non
1746 662 1944 717 intelligo.
1998 662 2082 703 ctr.
2104 665 2227 719 'Vin-g.
2269 667 2371 707 Aen.
2407 669 2443 716 1,

373 732 473 772 524.
516 730 751 784 spumantis
793 729 889 781 apri
932 741 1141 769 cursum
1182 731 1358 770 elamore
1401 735 1660 782 prementem.
1721 730 1908 771 Verbum
1947 736 2007 771 est
2041 731 2084 771 in
2124 733 2268 785 primis
2304 740 2447 788 aptum

374 804 552 852 propter
581 796 933 850 comparationem
965 808 1061 837 cum
1086 798 1248 850 Sagana
1271 797 1416 838 itidem
1449 796 1617 837 domum
1644 805 1936 850 percurrente.

483 881 575 919 lum.
606 890 645 918 v.
675 877 741 918 45.
769 877 823 917 Et
848 878 977 918 otiosa
994 900 1036 906 —
1054 877 1264 931 Neapolis]
1296 877 1418 919 Silius
1445 877 1508 926 12,
1533 876 1623 918 510.
1660 877 1714 919 de
1734 878 1884 922 eadem
1907 879 2033 921 urbe:
2062 880 2178 921 Nunc
2194 882 2337 938 molles
2354 883 2448 923 urbi

378 950 483 989 ritus
508 953 626 1000 atque
658 946 820 999 hospita
846 946 976 986 Musis
1003 945 1119 987 Otia
1147 952 1184 986 et
1215 952 1439 999 exemptum
1469 947 1582 986 euris
1613 947 1871 999 qravioribus
1902 960 2056 988 aevum.

477 1030 573 1068 Imn.
607 1040 649 1068 v.
669 1028 735 1068 54.
769 1028 886 1066 Iram
909 1032 1028 1079 atque
1053 1038 1203 1067 numen
1234 1027 1383 1078 vertite]
1426 1027 1533 1067 Satis
1557 1027 1663 1066 mire
1697 1027 1797 1067 Cod.
1827 1028 2003 1069 Brodaei
2032 1029 2182 1068 Arcum
2208 1035 2306 1078 cet„
2336 1033 2447 1082 quod

376 1103 518 1137 tamen
544 1107 623 1149 per
651 1106 837 1134 errorem
860 1099 997 1133 ortum
1027 1099 1090 1133 est
1115 1106 1167 1133 ex
1203 1106 1242 1133 v.
1277 1094 1341 1133 52.
1375 1094 1577 1133 Arcanae.

479 1182 573 1219 Isin.
600 1192 640 1218 v.
665 1179 730 1218 87.
766 1176 836 1228 fas
865 1176 1074 1228 nefasque]
1106 1178 1316 1228 Frequens
1343 1178 1449 1218 haec
1480 1177 1738 1229 compositio.
1773 1178 1893 1219 Pind.
1920 1180 2083 1231 Olymp.
2112 1181 2158 1228 2,
2190 1181 2258 1221 15ε
2292 1182 2381 1223 τῶν
2398 1181 2447 1224 δὲ

376 1246 707 1302 πεπραγμένων
726 1245 775 1288 ἐν
792 1242 900 1299 δίκᾳ
927 1259 975 1287 τε
1000 1243 1081 1286 καὶ
1096 1244 1227 1299 παρὰ
1259 1243 1392 1288 δίκαν
1414 1246 1509 1287 κτλ.
1535 1243 1747 1298 Aristoph.
1764 1246 1838 1298 Eq.
1858 1246 1955 1287 416:
1986 1246 2066 1288 καὶ
2087 1243 2245 1290 δίκαια
2262 1247 2447 1292 κᾶδικα.

372 1317 482 1357 Plut.
516 1314 616 1355 225:
654 1310 734 1356 καὶ
761 1309 954 1366 δικαίως
982 1309 1199 1366 κάδίκως.
1224 1306 1352 1354 oud.
1382 1313 1477 1354 Met.
1507 1312 1554 1363 6,
1585 1312 1686 1354 583:
1711 1312 1857 1367 fasque
1882 1312 2076 1368 nefasque
2104 1314 2325 1368 confusura
2343 1319 2443 1359 ruit.

370 1384 502 1425 Tacit.
532 1382 636 1423 nist.
669 1383 716 1429 2,
749 1381 824 1421 56ε
866 1383 911 1420 in
942 1394 1057 1421 omne
1091 1381 1160 1433 fas
1190 1381 1385 1434 nefasque
1411 1382 1522 1421 avidi
1548 1387 1622 1421 aut
1661 1382 1818 1422 venales
1853 1395 1935 1423 non
1974 1395 2114 1430 sacro,
2151 1396 2233 1423 non
2268 1385 2446 1437 profano

372 1450 644 1493 abstinebant.
682 1473 724 1479 -
772 1449 853 1490 Pro
885 1448 1156 1490 Lambiniana
1191 1447 1373 1490 difficilis
1410 1449 1492 1490 loci
1530 1448 1878 1503 interpretatione
1920 1449 2059 1491 afferri
2098 1455 2262 1504 poterat
2291 1454 2447 1494 Seneca

372 1521 567 1560 Controv.
599 1518 642 1566 1,
675 1518 723 1557 7:
753 1518 916 1570 Maqnis
947 1516 1164 1557 sceleribus
1187 1518 1283 1557 iura
1313 1523 1488 1557 naturae
1514 1518 1733 1557 intereunt.
1787 1518 1945 1557 Verum
1970 1529 2108 1558 meam
2132 1518 2305 1559 retineo.

476 1586 632 1633 EPOD.
663 1585 734 1626 VI.
771 1597 812 1625 v.
840 1584 902 1625 10.
941 1585 1172 1625 Proiectum
1218 1585 1407 1625 odoraris
1445 1583 1594 1637 cibum]
1634 1585 1734 1625 Cato
1766 1584 1986 1625 Censorius
2025 1584 2138 1638 apud
2177 1585 2280 1626 Gell.
2310 1587 2379 1635 15,
2410 1589 2446 1627 1.

375 1656 430 1696 de
455 1656 509 1695 M.
535 1654 696 1694 Caelio:
722 1653 869 1692 Fritsto
891 1654 1015 1705 panis
1039 1653 1210 1692 conduci
1231 1659 1379 1705 potest,
1409 1654 1467 1693 vel
1492 1653 1554 1692 uti
1586 1658 1717 1692 taceat
1741 1652 1799 1692 vel
1826 1653 1888 1692 uti
1910 1653 2114 1705 loquatur.

480 1720 629 1761 EPOD.
663 1720 752 1759 Vll.
786 1733 826 1759 v.
858 1721 921 1760 14.
965 1720 1084 1760 albus
1117 1733 1191 1760 ora
1215 1721 1355 1772 pallor
1384 1719 1532 1772 inficit]
1574 1721 1699 1760 Tasso
1732 1721 1877 1760 Gerus.
1912 1721 1957 1768 8,
1998 1721 2068 1759 14;
2113 1721 2157 1760 al
2186 1720 2275 1773 fero
2313 1723 2448 1760 avviso

380 1793 537 1843 Tinqon
564 1791 609 1830 di
634 1789 782 1828 bianca
804 1788 1038 1839 pallidezza
1069 1789 1103 1828 il
1129 1790 1225 1828 viso.

477 1857 636 1898 EPOD.
688 1856 757 1896 IX.
788 1869 827 1896 V.
858 1855 922 1896 20.
968 1855 1131 1907 Puppes
1164 1857 1448 1895 sinistrorsum
1475 1855 1592 1908 citae]
1639 1854 1901 1896 Incredibilis
1929 1854 2032 1896 mihi
2061 1855 2214 1897 accidit
2241 1856 2449 1909 interpre-

372 1925 476 1966 tatio
510 1923 798 1965 Doederleinii
826 1923 924 1976 Syn.
953 1923 992 1963 2.
1022 1935 1064 1975 p.
1097 1923 1184 1963 155.
1240 1925 1524 1963 sinistrorsum
1552 1934 1641 1964 esse
1674 1922 1785 1964 idem
1811 1934 1859 1963 ac
1895 1924 2083 1971 sinistre,
2129 1928 2171 1964 et
2195 1923 2355 1976 tropice
2387 1925 2446 1965 sic

373 1991 682 2047 accipiendum:
721 1991 805 2040 „in
838 1990 1023 2029 deterius
1050 1991 1200 2029 citae.”
1254 1991 1331 2030 Vv.
1360 1992 1644 2030 sinistrorsum
1660 2021 1671 2036 ‚
1715 1991 1971 2029 dextrorsum
2003 1991 2213 2043 propriam
2239 1991 2447 2044 significa-

375 2061 528 2101 tionem
554 2071 627 2100 sua
652 2063 803 2099 natura
835 2068 991 2098 exuere
1018 2062 1245 2109 nequeunt.

478 2127 569 2167 Isin.
599 2138 639 2166 v.
660 2125 725 2167 50.
756 2125 897 2165 Ventis
920 2147 962 2154 —
989 2136 1068 2164 nou
1088 2124 1189 2176 suis]
1216 2125 1374 2165 Seneca
1406 2125 1479 2177 Ep.
1505 2125 1577 2165 71:
1607 2125 1824 2177 anoranti
1841 2135 1958 2176 quem
1979 2131 2143 2177 portum
2155 2131 2281 2178 petat,
2304 2127 2445 2167 nullus

376 2206 498 2236 suus
524 2199 695 2235 ventus
721 2198 791 2234 est.

479 2260 632 2301 EPOD.
660 2262 767 2301 XIII.
810 2273 849 2300 v.
883 2262 918 2300 1.
967 2261 1150 2300 Horrida
1190 2258 1415 2312 tempestas]
1462 2258 1746 2313 Φρίσσοντας
1777 2257 1985 2314 ὄμβρους
2024 2261 2131 2300 dixit
2168 2260 2288 2300 Pind.
2317 2260 2439 2313 Pyth.

372 2332 420 2379 4,
450 2329 517 2370 81.
549 2350 590 2356 -
621 2328 817 2369 Aristides
848 2330 916 2380 εἰς
944 2325 1034 2369 Δία
1060 2338 1101 2380 p.
1131 2327 1168 2367 9.
1198 2326 1347 2366 Dind.:
1381 2325 1411 2381 ἡ
1439 2325 1644 2379 οὐρανοῦ
1670 2324 1750 2367 καὶ
1774 2324 1958 2381 ὄμβρου
1984 2326 2206 2369 συνουσία
2232 2326 2359 2379 Διός.

478 2397 575 2437 lum.
606 2407 647 2434 v.
678 2395 738 2436 11.
773 2393 1015 2447 Centaurus]
1042 2393 1158 2436 Adde
1178 2394 1282 2435 locis
1301 2392 1353 2435 de
1376 2391 1536 2434 Achille
1562 2405 1589 2438 a
1606 2391 1784 2443 Chirone
1811 2392 1988 2435 educato
2016 2393 2135 2436 Pind.
2164 2393 2285 2448 Pyth.
2316 2394 2354 2444 6,
2375 2395 2437 2435 21.

375 2465 517 2517 Eurip.
551 2463 689 2516 Iphig.
718 2462 761 2502 in
793 2464 882 2503 Aul.
911 2463 1000 2504 696.
1029 2464 1231 2516 Hartung.
1280 2461 1385 2502 Ibid.
1423 2475 1462 2503 v.
1497 2461 1587 2502 700.
1617 2461 1810 2502 educavit
1840 2474 1957 2503 eum:
2011 2460 2213 2517 Χείρων,
2257 2462 2317 2506 ἵν’
2339 2460 2438 2516 ἤδη

377 2533 440 2588 μὴ
467 2530 617 2589 μάθοι
660 2529 818 2572 κακῶν
851 2530 1033 2582 βροτῶν.
1086 2531 1146 2571 De
1184 2525 1468 2583 Ῥαοθὴκαις
1508 2527 1743 2582 Χείρωνος
1780 2528 1856 2570 cfr.
1890 2528 2056 2570 Schultz
2091 2530 2135 2570 in
2174 2531 2275 2571 Mus.
2304 2527 2436 2570 Rhen.

375 2600 423 2649 5,
453 2601 491 2640 4.
525 2613 568 2653 p.
597 2598 688 2640 600.

481 2667 572 2709 lau).
621 2678 661 2708 v.
695 2665 758 2707 16.
801 2669 932 2705 mater
955 2686 996 2693 —
1018 2666 1194 2720 caerula]
1242 2666 1461 2721 Egregiam
1497 2663 1683 2706 Thetidis
1717 2675 1997 2721 grypocampo
2027 2677 2103 2720 per
2138 2676 2255 2707 mare
2295 2669 2438 2705 vectae

375 2736 543 2789 filioque
577 2745 733 2774 novum
763 2737 930 2773 scutum
961 2735 1216 2784 apportantis
1240 2735 1465 2787 imaginem
1492 2733 1621 2772 hahes
1654 2734 1697 2772 in
1727 2736 1857 2775 Musei
1882 2735 2059 2774 Borbon.
2088 2735 2180 2774 Vol.
2209 2734 2260 2772 X.
2288 2734 2334 2772 T.
2373 2733 2435 2772 19.

478 2803 631 2843 EPOD.
667 2802 776 2842 XIV.
828 2813 868 2839 v.
898 2801 937 2840 9.
987 2802 1136 2839 arsisse
1174 2801 1379 2854 Bathyllo]
1424 2801 1621 2841 Maximus
1652 2803 1746 2854 Tyr.
1783 2804 1846 2841 24.
1863 2815 1933 2873 p.
1974 2803 2064 2842 481.
2098 2803 2177 2842 R.:
2219 2802 2437 2840 Anacreon

378 2870 557 2915 πάντων
594 2870 679 2926 ἐρᾷ
723 2869 811 2912 τῶν
855 2869 1009 2911 καλῶν
1054 2867 1133 2910 καὶ
1167 2869 1347 2912 ἐπαινεῖ
1377 2867 1566 2922 πάντας·
1608 2869 1749 2926 μεστὰ
1788 2868 1839 2912 δὲ
1863 2855 2017 2915 αὐτοῦ
2047 2869 2103 2912 τὰ
2139 2867 2327 2925 ᾄσματα
2352 2865 2434 2921 τῆς

380 2928 608 2995 Σμέρδιος
634 2937 784 2993 κόμης
812 2936 894 2980 καὶ
918 2938 1006 2980 τῶν
1031 2936 1328 2991 Κλεοβούλου
1355 2937 1614 2994 ὀφθαλμῶν
1638 2939 1717 2982 καὶ
1741 2940 1824 2994 τῆς
1848 2937 2094 2982 Βαθύλλου
2121 2934 2263 2992 ὥρας-

482 3005 634 3048 EPOD.
662 3006 767 3049 XVI.
798 3018 837 3047 v.
863 3006 946 3048 41.
966 3005 1147 3048 Oceanus
1173 3005 1464 3084 circumvaqus]
1489 3005 1674 3050 absolute
1696 3012 1749 3050 ut
1761 3006 1883 3050 ovid.
1904 3007 2002 3049 Met.
2029 3007 2093 3057 15,
2122 3005 2222 3046 759:
2255 3003 2429 3042 circum-

378 3074 491 3126 fluus
517 3073 665 3113 amnis.
