2832 3448
1210 171 1535 224 „30-

438 293 534 331 lum.
581 303 619 330 v.
650 290 712 327 11.
746 287 849 325 Erat
880 286 988 338 quod
1016 286 1156 326 tollere
1184 287 1317 339 velles]
1355 290 1613 341 Interpretes
1643 300 1725 329 non
1752 287 1851 328 satis
1879 286 2104 328 attendisse
2130 287 2330 329 ,videntur
2356 287 2409 329 ad

337 359 423 398 vim
454 371 495 399 v.
529 357 664 397 velles.-
699 352 866 406 „ipsius
884 352 1031 393 Lucilii
1062 363 1187 392 causa
1204 383 1215 401 ,
1245 364 1370 404 quem
1402 359 1449 393 ut
1474 355 1681 409 insignem
1709 356 1871 408 poetam
1894 364 2023 404 amas,
2050 358 2230 407 optares,
2259 360 2308 395 ut
2337 354 2412 396 de·

335 428 425 467 lere
455 425 541 465 eius
572 421 771 462 nonnulla
805 420 883 460 tihi
922 420 1093 469 liceret,
1142 432 1224 473 quo
1256 420 1487 462 lectoribus
1525 423 1674 463 melior
1713 427 1835 475 atque
1868 421 2098 475 elegantior
2141 424 2405 475 appareret.”

338 496 391 534 Ut
423 504 518 540 nos,
561 489 725 543 accepit
751 489 891 529 locum
921 493 1235 529 controversum
1265 492 1436 541 praeter
1466 489 1710 531 Turnebum
1741 490 1864 531 etiam
1887 488 2017 531 Iulius
2047 491 2196 531 Caesar
2224 490 2410 544 Scaliger

340 564 453 602 Poet.
488 562 533 599 L.
562 558 600 598 6.
630 570 673 611 p.
705 556 798 597 786.
817 588 829 605 ,
858 556 932 596 ubi
956 557 1114 596 iudicat
1142 556 1196 596 de
1227 556 1429 609 Maphaeo
1457 557 1613 609 Vegio:
1668 560 1720 597 In
1747 558 1888 598 Dauni
1911 557 2105 609 Epicedio
2134 559 2264 597 multa
2296 565 2407 604 sunt,

339 641 439 681 quae
467 628 558 667 tolli
581 628 708 666 velis:
733 627 811 666 illa
839 631 971 671 tamen
993 625 1105 663 haud
1126 636 1300 676 prorsus
1327 626 1614 675 aspernanda.-
1643 623 1724 665 cet.

436 696 529 735 Iun).
576 707 617 735 v.
651 694 717 735 85.
761 693 839 732 Hic
865 692 982 744 niyer
1008 690 1080 744 est]
1119 691 1261 733 Alexis
1290 691 1334 731 in
1366 690 1496 731 Grotii
1529 691 1628 732 Exc.
1668 704 1710 745 p.
1735 692 1834 733 575:
1880 690 1964 736 Δύ’
1999 691 2115 742 ἐστὶ,
2141 691 2408 740 Ναυσίνικε,

337 761 608 818 παρασίτων
638 760 756 817 γένη·
800 756 875 802 Ἓν
905 758 990 814 μὲν
1019 757 1068 803 τὸ
1092 757 1247 803 κοινὸν
1271 758 1351 801 καὶ
1378 754 1794 815 κεκωμῳδημένον,
1830 761 1889 804 Οὶ
1914 759 2147 816 μέλανες
2176 759 2327 815 ἡμεῖς.

440 831 550 873 SAT.
578 830 628 870 V.
663 840 702 869 v.
731 828 771 868 5.
814 827 1037 881 Differ-tum
1067 828 1231 876 nautis,
1272 826 1522 880 cauponibus
1550 830 1669 880 atque
1694 827 1906 882 maliqnis]
1944 825 2152 869 Plutarch.
2182 827 2235 869 de
2266 826 2406 870 cohib.

334 903 398 940 Ira
433 900 503 939 12:
547 893 830 940 πανδοκεῦσι
866 894 946 937 καὶ
979 895 1169 948 ναύταις
1205 895 1285 937 καὶ
1320 893 1594 950 ὀρεοκόμοις
1629 894 1863 950 μεθύουσι
1892 894 2113 948 πολλάκις
2148 894 2231 938 ὑπ’
2264 895 2409 950 ὀργῆς

340 965 671 1023 συμπίτνομεν,
700 961 904 1020 οἰόμενοι
930 963 1345 1017 καταφρονεῖσθαι.

437 1036 532 1073 lem.
564 1045 607 1072 v.
636 1033 676 1071 7.
713 1032 841 1071 ventri
865 1032 1009 1071 Indico
1037 1030 1200 1083 bellum]
1226 1031 1372 1070 Iulian.
1401 1030 1600 1081 Misopog.
1621 1040 1664 1081 p.
1690 1029 1781 1070 540.
1803 1031 1898 1082 Sp.:
1933 1029 2055 1083 δείνη
2071 1045 2140 1081 τις
2166 1030 2218 1071 ἐκ
2243 1027 2408 1071 παιδα-

338 1102 444 1156 ρίου
471 1114 530 1156 με
556 1098 636 1142 καὶ
662 1098 855 1152 ἀνόητος
882 1096 1037 1152 ἀπάτη
1063 1096 1368 1152 προλαβοῦσα
1395 1096 1455 1151 τῇ
1482 1094 1683 1152 γαστρὶ
1712 1098 1980 1153 πολεμεῖν
2005 1097 2192 1141 ἔπεισεν.

437 1171 528 1209 lum.
558 1180 599 1207 v.
625 1167 689 1207 28.
723 1165 923 1218 Cocceius]
950 1165 1097 1205 Biondi
1120 1165 1367 1216 (Dissertaz.
1402 1165 1497 1204 dell’
1519 1164 1649 1203 Acad.
1679 1164 1796 1204 Rom.
1826 1166 2053 1206 d'Archeol.
2077 1166 2208 1206 T.V1.
2233 1177 2275 1217 p.
2296 1164 2407 1216 286.)

334 1250 416 1277 non
441 1236 492 1277 de
531 1237 584 1275 M.
623 1234 799 1274 Cocceio
825 1234 981 1283 Nerva,
1030 1245 1114 1273 cos.
1149 1244 1186 1273 a.
1232 1245 1275 1273 u.
1314 1244 1351 1272 c.
1385 1232 1476 1272 718.
1513 1228 1583 1285 (ad
1624 1242 1750 1284 quem
1790 1244 1933 1274 omnes
1970 1234 2219 1287 interpretes
2256 1235 2406 1286 poetae

328 1305 458 1346 verba
484 1303 740 1343 rettulerunt
753 1302 805 1354 :)‚
849 1302 924 1343 sed
951 1301 1003 1341 de
1033 1304 1077 1341 L.
1108 1301 1283 1341 Cocceio
1311 1302 1470 1348 Nerva,
1511 1300 1622 1340 illius
1646 1300 1799 1349 fratre,
1845 1314 1929 1342 cos.
1957 1314 1995 1341 a.
2027 1315 2069 1342 u.
2100 1314 2137 1342 c.
2165 1301 2276 1350 715„
2318 1314 2406 1341 me-

326 1377 486 1412 morato
509 1372 635 1412 etiam
662 1370 716 1411 ab
743 1370 932 1423 Appiano
960 1371 1006 1409 Β.
1037 1370 1081 1409 C.
1117 1369 1285 1409 60-611.
1303 1400 1313 1417 ‚
1343 1369 1531 1409 scribere
1552 1368 1770 1408 Horatium
1801 1368 1941 1410 docet.

436 1441 529 1480 lmn.
562 1451 603 1479 v.
633 1438 697 1479 δὴ.
738 1436 871 1489 larva]
914 1435 957 1477 h.
991 1437 1019 1476 l.
1048 1448 1133 1476 non
1164 1441 1228 1477 est
1258 1435 1503 1489 simpliciter
1532 1436 1785 1489 „persona”
1818 1436 2025 1488 (Maske),
2065 1436 2138 1477 sed
2176 1435 2406 1493 μορμολύ-

330 1522 474 1557 κειον,
500 1517 681 1560 persona
710 1504 976 1546 formidinem
998 1505 1220 1545 incutiens.

431 1576 540 1614 SAT.
572 1575 644 1613 VI.
672 1586 713 1612 v.
746 1574 786 1611 lt.
824 1574 987 1624 maqnis
1011 1571 1255 1624 legionibus]
1298 1572 1467 1610 Frustra
1493 1569 1600 1610 haec
1622 1571 1900 1611 sollicitarunt
1919 1570 2220 1611 Wakefieldius
2244 1576 2289 1610 et
2310 1572 2404 1610 Fea.

330 1644 415 1682 Cir.
445 1642 527 1681 Sal.
561 1641 681 1679 Catil.
713 1640 786 1679 55:
817 1640 1021 1691 Populum
1049 1641 1123 1679 Ro.
1153 1651 1440 1690 saepenumero
1464 1651 1594 1690 parva
1620 1650 1749 1677 manu
1769 1651 1861 1678 cum
1889 1640 2092 1690 maqnis
2114 1637 2376 1690 leqionibu
2389 1652 2407 1676 s

331 1710 508 1750 hostium
534 1707 797 1747 contendisse.

436 1778 529 1816 lmn.
571 1788 612 1815 v.
644 1775 707 1815 18.
755 1787 782 1814 a
813 1774 938 1825 volyo.
957 1773 1071 1826 lonqe
1099 1774 1292 1826 lonqeque
1323 1773 1510 1825 remotos]
1557 1774 1714 1815 Seneca
1756 1773 1830 1825 Ep.
1859 1772 1904 1812 5:
1947 1773 2178 1814 Dissimiles
2210 1784 2290 1813 esse
2332 1783 2406 1811 nos

327 1845 439 1894 colqo
471 1844 597 1888 sciat,
630 1842 702 1894 qui
727 1841 951 1893 inspexerit
973 1841 1162 1892 propius.

432 1912 526 1949 Isin.
572 1923 612 1949 v.
644 1911 708 1949 18.
743 1910 837 1959 Ipse
867 1909 972 1947 mihi
995 1914 1127 1947 custos
1162 1909 1557 1959 incorruptissimus]
1596 1908 1755 1948 Oderat
1785 1909 1896 1947 enim
1922 1909 2039 1948 triste
2069 1908 2404 1959 paedagogorum

330 1991 481 2030 genus,
529 1977 583 2017 de
618 1989 701 2028 quo
734 1973 993 2027 Antiphanes
1025 1974 1069 2014 in
1105 1974 1237 2014 Grotii
1270 1975 1369 2015 Exc.
1415 1987 1457 2027 p.
1494 1974 1594 2015 615:
1650 1976 1696 2018 οὶ
1734 1972 1921 2018 Σκύθαι
1946 1999 1999 2007 -
2024 1973 2330 2031 γενομένοισιν
2354 1998 2404 2006 -

328 2042 451 2101 Οὐχὶ
476 2043 542 2101 μὰ
577 2042 668 2086 Δία
699 2040 859 2094 τιτθὰς
895 2038 1134 2096 εἰσάγουσι
1174 2038 1444 2093 βασκάνους
1484 2039 1565 2082 καὶ
1591 2038 1914 2097 παιδαγωγοὺς
1941 2036 2108 2097 αὖθις,
2150 2034 2215 2083 ὧν
2252 2039 2405 2099 μεῖζον

325 2111 471 2153 κακὸν
496 2111 594 2154 Οὐκ
619 2111 739 2153 ἔστιν
764 2106 909 2151 οὐδέν.
2133 2139 2136 2142 ,

430 2180 523 2217 Isin.
573 2191 613 2217 ν.
638 2179 705 2218 95.
756 2179 793 2216 si
818 2183 973 2215 natura
1013 2176 1167 2214 iuberet
1200 2177 1239 2213 A
1279 2177 1398 2214 certis
1441 2177 1563 2214 annis
1597 2187 1738 2214 aevum
1767 2188 1946 2215 remeare
1985 2178 2212 2229 peractum]
2257 2178 2399 2230 Eurip.

325 2246 470 2297 Suppl.
503 2245 623 2283 1080:
678 2244 718 2285 τί
744 2241 803 2297 δὴ
831 2241 1069 2296 βρότοισιν
1094 2241 1177 2283 οὐκ
1203 2242 1327 2283 ἔστιν
1353 2238 1475 2289 τόδε,
1514 2240 1669 2291 Νέους
1709 2240 1782 2293 δὶς
1821 2242 1938 2283 εἶναι
1976 2243 2057 2284 καὶ
2087 2244 2303 2297 γέροντας
2339 2237 2402 2285 αὖ

325 2311 490 2359 adam

426 2380 522 2420 lmn.
562 2391 603 2419 v.
639 2377 724 2419 101.
767 2377 981 2420 salutandi
1014 2376 1167 2429 plures]
1207 2377 1291 2418 Pro
1328 2388 1402 2417 sua
1437 2375 1717 2429 explicatIone
1753 2376 2017 2420 Heindorfius
2049 2378 2199 2420 afferre
2236 2383 2401 2432 poterat

328 2448 451 2489 etiam
478 2449 666 2488 Senecae
692 2444 794 2486 illud
827 2444 880 2486 de
911 2445 1032 2486 Brev.
1067 2456 1104 2485 v.
1137 2444 1185 2485 2:
1232 2443 1366 2497 Quam
1403 2444 1546 2485 ntitltis
1578 2443 1689 2485 nihil
1732 2443 1851 2486 liberi
1894 2445 2091 2499 relinquit
2120 2445 2399 2500 circumffuqns

330 2516 535 2555 clientium
561 2512 770 2566 populus!
799 2513 959 2552 Mutuas
977 2511 1181 2552 salutandi
1203 2510 1414 2552 molestias
1440 2511 1609 2565 egregie
1637 2510 1837 2553 describit
1862 2512 2070 2555 Lucianus
2091 2513 2136 2553 in
2147 2513 2317 2567 Nigrino
2330 2511 2395 2552 21.

431 2583 523 2620 inin.
556 2593 597 2620 v.
629 2580 718 2619 114.
760 2579 930 2631 divinis]
967 2580 1049 2619 Hos
1074 2579 1131 2618 ita
1160 2579 1363 2620 describit
1391 2579 1593 2619 Maximus
1623 2579 1770 2631 Tyrius
1805 2580 1912 2620 Diss.
1949 2580 2021 2629 19,
2059 2581 2108 2621 5:
2156 2583 2202 2623 οὶ
2228 2582 2275 2622 ἐν
2302 2579 2397 2630 τοῖς

327 2647 514 2699 κύκλοις
541 2646 800 2704 ἀγείροντες
815 2678 828 2698 ,
855 2648 904 2688 οἳ
929 2643 1055 2689 δυοῖν
1081 2645 1260 2698 ὀβολοῖν
1284 2645 1343 2701 τῷ
1371 2644 1683 2703 προστυχόντι
1708 2645 2114 2701 ἀποθεσπίζουσιν.

433 2717 526 2757 1211).
566 2728 606 2756 v.
640 2715 729 2757 120.
785 2713 994 2755 obeundus
1026 2714 1203 2768 Marsya]
1240 2713 1469 2768 Appuleius
1511 2713 1662 2756 Florid.
1697 2715 1740 2764 1,
1772 2715 1812 2756 5.
1857 2727 1899 2769 p.
1931 2716 1993 2757 12.
2028 2715 2162 2758 Oud.:
2208 2715 2396 2768 Marsyas

333 2786 438 2826 voltu
466 2784 602 2838 ferino
630 2790 753 2831 trux,
790 2781 1003 2835 hispidus,
1046 2782 1326 2831 illutibarbus,
1363 2783 1495 2835 spinis
1521 2787 1558 2823 et
1580 2783 1681 2836 pilis
1712 2783 1877 2824 obsitus.
1933 2785 2072 2839 Longe
2106 2784 2228 2825 aliter
2257 2783 2397 2836 expri-

329 2853 451 2892 mitur
481 2854 524 2893 in
546 2853 725 2893 Picturis
751 2850 1133 2892 Herculanensibus
1158 2850 1204 2889 T.
1233 2852 1263 2890 1.
1287 2853 1336 2893 Τ.
1364 2851 1401 2892 9.
1461 2851 1653 2891 Ceterum
1675 2852 1936 2893 emendanda
1972 2859 2036 2893 est
2062 2852 2273 2893 adnotatio
2302 2860 2394 2889 mea

328 2933 380 2958 ex
411 2920 633 2973 Boettigeri
663 2920 823 2959 kleinen
856 2917 1063 2969 Schriften
1095 2918 1127 2957 Ι.
1161 2930 1203 2969 p.
1238 2918 1299 2957 28.
2150 2952 2152 2954 .

428 2988 522 3026 lum.
553 3000 594 3027 v.
623 2987 710 3030 128.
750 2988 848 3027 Vita
873 2986 1100 3027 solutorum
1125 2986 1277 3026 misera
1306 2986 1538 3039 ambitione]
1591 2987 1787 3030 Similiter
1812 2988 2112 3041 Epicureorum
2157 2987 2281 3026 vitam
2322 2984 2394 3025 de-

326 3055 472 3096 scribit
502 3053 729 3105 irridetque
757 3055 916 3095 Arrian.
944 3054 1075 3108 Epict.
1107 3054 1154 3104 5,
1193 3054 1257 3094 21⁸.
1288 3065 1328 3106 p.
1357 3055 1447 3096 1:912.
1476 3054 1608 3096 Schw.
