2832 3448
434 276 531 317 Iam.
570 287 610 314 v.
641 274 705 314 20.
761 274 1009 327 vitreamque
1037 269 1196 323 Circen]
1244 272 1432 313 Nostram
1461 272 1779 326 explicationem
1810 271 2057 327 (nympham
2082 272 2226 324 maris)
2266 272 2403 315 firmat

335 344 462 387 etiam
488 342 703 387 claudian.
735 341 785 382 R.
817 341 933 382 Pros.
966 341 1015 388 2,
1040 339 1114 386 ,ὅδε
1149 351 1264 381 soror
1285 341 1443 382 vitrei
1467 340 1668 382 libamina
1689 346 1805 393 potat
1834 341 1972 383 uberis
1994 338 2216 394 (Tethyis).

434 410 522 453 OD.
556 409 701 451 XVIII.
755 408 802 449 In
832 406 1142 450 introductione
1177 419 1252 462 pro
1288 405 1375 450 his:
1412 421 1483 449 nec
1508 408 1558 451 P.
1597 406 1812 461 Alfenium
1833 409 2004 459 Varum,
2040 407 2188 449 Ictum
2221 407 2396 455 clarum,

334 479 405 531 qui
428 492 469 534 ᾳ.
503 492 546 519 ιι.
572 489 608 518 c.
634 475 726 517 753.
747 476 888 518 consul
910 473 1018 528 fuit.-
1053 474 1170 529 lege:
1202 487 1321 525 „nec
1346 476 1394 516 P.
1428 475 1636 517 Alfenium
1668 475 1826 516 Varum
1855 476 2012 525 letum,
2031 488 2128 528 cos.
2163 475 2257 519 suff.
2283 486 2323 517 a.
2355 488 2398 516 u.

335 558 372 586 c.
405 546 495 587 715.
527 544 622 600 (cfr.
662 543 808 585 Biondi
837 544 1062 584 Dissertaz.
1105 543 1199 585 dell’
1236 544 1354 585 acad.
1391 543 1506 584 Rom.
1552 542 1770 583 d’archeol.
1812 542 1904 582 Vol.
1933 542 2002 583 VI.
2036 557 2080 597 p.
2113 542 2226 597 5012.)
2263 554 2401 596 neque

334 614 457 656 huius
487 612 619 653 filium
647 611 830 654 eiusdem
857 611 1056 660 nominis,
1085 623 1169 653 cos.
1192 611 1283 657 suff.
1314 623 1353 653 a.
1381 624 1424 652 u.
1456 622 1495 651 c.
1530 610 1647 651 753.”
1701 609 1917 662 Scriptura
1944 614 2083 651 autem
2105 610 2300 665 Alfenius
2323 623 2401 665 pro

332 682 434 737 falsa
464 679 646 733 Altinius
674 679 874 734 (Laurent
900 679 1007 721 Fasti
1034 679 1154 722 Cons.
1180 691 1218 721 a.
1252 678 1363 732 754.)
1387 682 1431 720 et
1455 677 1615 732 volgari
1631 709 1642 726 ,
1670 678 1773 719 item
1798 676 1918 726 falsa,
1947 676 2121 730 Alfenus
2151 680 2252 731 (Sat.
2284 680 2322 728 I,
2355 679 2395 728 5,

335 748 442 801 150.)
473 747 619 789 nititur
642 759 849 789 marmore
880 747 990 802 apud
1021 748 1277 790 Viscontium
1303 748 1484 787 Manum.
1515 744 1618 784 Gab.
1648 744 1763 797 Pref.
1795 756 1839 797 p.
1867 745 1952 784 111.

435 817 528 856 lum.
565 828 604 857 v.
629 817 668 856 5.
717 815 859 868 Siccis]
895 816 1045 857 Athen.
1082 817 1132 865 2,
1162 817 1199 855 1.
1227 827 1270 869 p.
1295 815 1361 854 53.
1384 816 1461 854 D.:
1508 811 1769 870 Χαιρήμων
1794 812 1820 855 ὁ
1847 812 2082 867 τραγῳδὸς
2107 815 2400 868 παρασκευά-

335 883 425 938 ζειν
452 883 568 939 φησὶ
591 883 669 928 τὸν
693 881 822 927 οἶνον
847 883 940 937 τοῖς
967 882 1232 941 χρωμένοις
1257 881 1449 939 γέλωτα,
1475 879 1669 935 σοφίαν,
1696 872 2033 936 εὐμάθειανῤ
2059 879 2321 934 εὐβουλίαν.

434 954 525 993 lam.
557 965 596 994 v.
620 951 681 992 12.
723 953 853 992 variis
888 952 1017 992 obsita
1044 949 1280 1005 frondibus]
1314 951 1456 1003 Imago
1482 949 1612 993 cistae
1650 946 1882 989 Bacchicae
1914 948 2134 1003 frondibus
2166 949 2317 989 obsitae
2341 954 2404 988 est

333 1022 375 1060 in
406 1022 534 1061 Musei
558 1020 780 1061 Borbom'ci
805 1020 896 1059 Vol.
928 1021 1016 1059 vn.
1046 1018 1149 1059 Tab.
1182 1018 1246 1059 56.
1300 1019 1463 1059 Talium
1487 1017 1686 1058 cistarum
1712 1016 1860 1057 decem
1881 1015 2019 1058 adhuc
2044 1022 2289 1070 supersunt,
2318 1029 2403 1057 non

333 1095 470 1129 tamen
500 1087 752 1135 Bacchicae,
793 1087 868 1127 sed
898 1100 950 1127 ex
982 1086 1088 1128 aede
1118 1087 1325 1127 Fortunae
1360 1085 1659 1127 Praenestinae
1699 1097 1864 1133 omnes,
1907 1097 1991 1125 una
2026 1090 2217 1137 excepta.
2271 1085 2403 1125 Raoul

332 1157 531 1196 Rochette
555 1157 664 1195 Mon.
693 1156 803 1195 ine'd.
829 1168 872 1207 p.
892 1156 983 1194 551.

432 1223 520 1264 OD.
540 1223 647 1262 XIX.
672 1235 713 1262 v.
728 1222 767 1262 8.
790 1221 971 1262 lubricus
988 1220 1163 1273 adspiei]
1179 1221 1352 1262 Diverso
1366 1232 1466 1262 sane
1484 1233 1610 1263 sensu
1622 1221 1775 1274 Appul.
1791 1221 1888 1262 Met.
1911 1220 1951 1262 9.
1971 1233 2012 1273 p.
2033 1220 2126 1263 657.
2142 1219 2277 1262 Oud.:
2297 1231 2404 1272 puer

331 1292 548 1333 admodum
573 1296 627 1331 et
656 1289 789 1330 adhuc
820 1288 1021 1330 lubrico
1058 1301 1255 1341 qenai-iim
1286 1288 1498 1342 splendore
1528 1290 1793 1342 conspicuus,
1829 1288 1903 1331 ubi
1929 1293 1993 1331 est
2028 1288 2192 1338 „Ievis‚
2231 1286 2404 1341 (λεῖος)

329 1356 568 1400 imberbis.”
601 1356 652 1397 Ut
677 1367 755 1410 ego
768 1388 780 1405 ,
810 1354 885 1397 sed
916 1354 1151 1398 evidentius
1175 1355 1365 1409 apposito
1396 1355 1555 1398 Graeco
1582 1354 1833 1412 σφαλερός,
1859 1357 2084 1411 explicavit
2107 1356 2292 1403 Frenzel.

433 1425 524 1466 OD.
551 1424 639 1464 XX.
672 1424 742 1465 Est
756 1434 809 1464 ex
825 1423 876 1464 iis
892 1423 1052 1463 Horatii
1078 1423 1346 1472 carminibus,
1375 1434 1483 1476 quae
1501 1423 1622 1465 obelo
1646 1425 1807 1466 notavit
1822 1424 1999 1465 Hosman
2017 1422 2280 1477 Peerlkamp,
2304 1434 2401 1464 cum

331 1493 482 1534 ceteris
514 1491 758 1533 mortalibus
787 1502 866 1545 per
893 1490 1156 1544 undeviginti
1180 1490 1263 1530 iam
1285 1491 1427 1532 secula
1457 1492 1525 1532 vel
1547 1492 1696 1533 eximia
1722 1492 1903 1545 quadam
1934 1497 2024 1533 arte
2054 1494 2143 1540 vel,
2177 1503 2285 1545 quae
2315 1503 2400 1531 non

332 1561 467 1599 minor
491 1561 582 1599 laus
607 1564 693 1607 est,
721 1570 880 1598 summa
907 1558 1172 1611 simplicitate
1203 1559 1424 1611 nativaque
1452 1560 1681 1613 elegantia,
1709 1565 1758 1600 ut
1782 1559 1864 1600 hoc
1891 1561 2050 1612 ipsum,
2076 1561 2284 1600 exceuere
2313 1560 2403 1599 visa

335 1632 488 1669 essent.
528 1625 610 1668 Sed
629 1626 819 1679 profecto
837 1623 908 1666 hic
935 1625 1081 1667 saltem
1110 1636 1259 1667 manus
1283 1625 1427 1667 darem
1444 1627 1622 1676 Batavo,
1652 1627 1688 1668 si
1710 1638 1836 1668 verae
1862 1631 2003 1668 essent
2027 1631 2225 1679 quattuor
2239 1625 2406 1667 ultimo-

331 1708 425 1736 rum
455 1706 652 1737 versuum
674 1690 1044 1747 reprehensiones,
1084 1691 1473 1747 interpretationes,
1508 1692 1818 1744 distinctiones,
1855 1692 2094 1748 propositae
2119 1696 2213 1748 post
2246 1696 2404 1736 rectam

332 1759 644 1804 Mitscherlichii
670 1760 969 1816 expositionem
982 1793 994 1811 ,
1029 1771 1053 1803 a
1084 1760 1383 1815 posterioribus
1412 1759 1633 1817 philologis
1662 1760 1838 1805 fortasse
1872 1773 1956 1804 non
1994 1761 2094 1805 satis
2131 1761 2399 1804 intellectam.

332 1829 519 1882 Quarum
549 1829 719 1884 quidem
755 1829 979 1870 novissima
1021 1827 1127 1870 haec
1157 1833 1243 1870 est:
1293 1830 1486 1881 „Vinum
1523 1829 1722 1870 Sabinum
1757 1841 1853 1870 cum
1882 1830 2056 1871 modicis
2085 1830 2294 1870 cantharis
2308 1859 2318 1875 ,
2357 1834 2401 1867 et

333 1898 450 1949 quasi
477 1895 648 1938 honoris
675 1908 801 1937 cansa
818 1928 830 1946 ‚
875 1897 1032 1937 biberit
1057 1899 1296 1945 Maecenas,
1329 1896 1482 1950 hospes
1511 1896 1625 1937 haud
1656 1898 1784 1938 dubie
1820 1898 2075 1946 fastidiosus,
2121 1903 2207 1937 tum
2233 1897 2400 1935 demum

334 1965 578 2015 pretiosiora
616 1966 713 2003 vina
752 1971 795 2004 et
825 1965 963 2015 palato
990 1964 1285 2016 respondentia
1314 1965 1508 2003 Horatius
1537 1966 1761 2015 promittit,
1808 1966 2024 2004 nominans
2055 1971 2097 2004 et
2124 1976 2173 2004 ea
2208 1964 2400 2003 vinorum

332 2032 578 2071 nobiliorum
604 2043 782 2084 genera,
811 2041 919 2082 quae
946 2030 1150 2082 possidet,
1184 2028 1421 2068 Caecubum
1448 2029 1737 2078 etCaIenum,
1773 2035 1816 2069 et
1846 2030 1931 2078 illa,
1960 2043 2067 2082 quae
2089 2043 2172 2070 non
2197 2029 2397 2083 possidet,

333 2100 550 2140 Falernum
575 2104 618 2139 et
644 2096 944 2138 Formianum.”
974 2120 1017 2126 --
1051 2096 1111 2136 En
1143 2095 1313 2150 egregia
1347 2093 1584 2137 urbanitas:
1621 2096 1845 2146 „Primum
1861 2130 1871 2146 ‚
1910 2109 2030 2148 care,
2064 2097 2142 2139 tibi
2174 2097 2287 2140 dabo
2317 2098 2398 2140 vile

333 2166 529 2209 Sabinum
546 2199 556 2216 ‚
613 2166 766 2208 deinde
814 2164 1051 2206 Caecubum
1100 2170 1145 2206 et
1195 2164 1416 2214 Calenum,
1485 2165 1582 2206 vina
1634 2166 1694 2207 sic
1740 2166 1840 2207 satis
1882 2166 2014 2215 bona3
2076 2178 2176 2208 nam
2236 2168 2397 2221 optimis

336 2235 506 2278 Falerno
532 2239 575 2277 et
599 2233 815 2275 Formiano
831 2264 843 2282 ,
879 2242 1018 2273 careo.
1035 2242 1171 2286 neque
1197 2230 1252 2273 ad
1281 2229 1387 2274 haec
1421 2231 1597 2277 emenda
1627 2232 1784 2276 sufficit
1813 2244 2010 2276 crumena
2023 2235 2061 2274 :”
2116 2246 2213 2276 cum
2243 2234 2398 2276 Horatii

336 2316 449 2344 mens
476 2304 581 2344 haec
613 2304 687 2343 sit:
739 2300 895 2355 „Apud
933 2313 1000 2341 me
1029 2313 1105 2354 pro
1131 2300 1311 2340 amicitia
1349 2305 1421 2341 tua
1450 2299 1550 2341 mihi
1580 2302 1750 2355 penitus
1786 2308 1882 2343 nota
1929 2308 2153 2344 contentus
2188 2304 2269 2344 eris
2300 2304 2396 2343 vino

337 2372 510 2419 Sabin03
550 2382 646 2411 nam
672 2369 937 2424 generosiora
960 2369 1154 2421 (quorum
1184 2372 1381 2421 quattuor
1411 2369 1645 2422 memorat),
1660 2405 1667 2411 ,
1682 2381 1766 2411 non
1793 2370 1973 2412 habeo.”
2028 2371 2233 2424 Quattuor
2257 2376 2397 2412 autem

338 2440 414 2480 ista
444 2450 596 2492 genera
626 2439 670 2478 in
697 2437 781 2478 duo
806 2435 991 2477 membra
1021 2435 1239 2489 dispescit,
1272 2447 1449 2488 quorum
1478 2447 1585 2489 quae
1614 2437 1750 2490 primo
1776 2443 1952 2491 aspectu
1977 2439 2145 2480 videtur
2163 2437 2398 2491 ἀντίθεσις

339 2506 502 2559 decepit
531 2506 809 2558 Interpretes,
841 2515 936 2544 cum
954 2500 1279 2559 ,stapam-offlam
1309 2503 1446 2556 potius
1482 2503 1613 2556 posita
1640 2504 1746 2548 sint.
1802 2506 2005 2547 Futurum
2035 2511 2170 2547 autem
2197 2504 2336 2553 bibes,
2354 2512 2402 2546 ut

341 2573 583 2622 sexcenties,
605 2571 841 2625 imperativi
862 2570 1002 2624 paullo
1019 2570 1253 2618 urbanioris
1273 2570 1366 2620 loco
1383 2570 1592 2617 funoeitur:
1619 2576 1707 2621 „tu
1727 2571 1861 2613 bibito
1875 2574 1920 2621 ;”
1950 2579 2099 2623 „tuum
2116 2577 2181 2614 est
2199 2572 2349 2615 bibere
2363 2575 2400 2613 :⁹⁹

343 2642 457 2694 quod
484 2642 518 2682 si
548 2641 605 2681 ita
631 2640 813 2692 accipies
828 2670 838 2688 ‚
872 2650 1015 2692 quam,
1043 2650 1220 2692 quaeso,
1245 2637 1419 2680 habebit
1443 2638 1738 2680 offensionem?

439 2709 527 2749 OD.
547 2709 670 2747 XXII.
700 2718 740 2747 v.
759 2707 824 2746 114.
854 2707 1043 2746 Daunias
1064 2707 1253 2750 latisalit
1273 2705 1497 2758 aesculetis]
1519 2706 1768 2761 Bernhardy
1782 2709 1965 2761 praefert
1982 2709 2077 2748 lect.
2098 2708 2271 2749 Daunia
2289 2713 2333 2749 in
2348 2712 2394 2757 l.‚

341 2788 464 2829 quam
487 2775 686 2817 exhibent
703 2775 828 2815 etiam
846 2779 940 2814 octo
954 2773 1082 2815 Codd.
1096 2774 1288 2816 Pottierii
1304 2774 1502 2826 (quinque
1515 2770 1564 2815 ut
1576 2787 1666 2825 nos,
1688 2775 1772 2818 duo
1783 2777 1971 2816 Dauniae
1971 2777 2008 2829 ).
2028 2775 2110 2816 Sed
2128 2776 2200 2817 illa
2213 2783 2257 2818 et
2268 2777 2397 2831 pode-

340 2851 466 2886 strem
497 2845 725 2885 orationem
764 2842 954 2883 redolere
997 2847 1040 2881 et
1068 2842 1232 2896 ingrato
1262 2842 1474 2882 iotacismo
1513 2844 1530 2882 i
1566 2845 1583 2883 i
1625 2855 1750 2886 aures
1780 2844 1987 2886 offendere
2023 2844 2262 2886 etiamnunc
2294 2846 2398 2886 mihi

342 2912 519 2953 videtur.
1767 2951 1769 2953 .

441 2980 529 3021 OD.
564 2978 706 3019 XXIV.
744 2990 783 3018 v.
818 2978 881 3018 lli.
937 2977 1090 3030 Quodsi
1128 2975 1325 3031 Threicio]
1359 2976 1606 3033 Bernhardy
1637 2980 1778 3034 legens
1806 2979 1932 3032 Quid,
1951 2980 2005 3020 ‚si
2022 3003 2065 3010 -
2082 2982 2102 3020 ἓ
2138 2981 2259 3023 affert
2292 2983 2394 3022 Bur-

340 3049 481 3089 manni
499 3047 662 3089 Anthol.
692 3048 778 3088 Lat.
808 3047 858 3087 ΙΙ.
885 3058 925 3100 p.
956 3046 1070 3095 27¹„
1095 3045 1168 3087 ubi
1186 3051 1325 3091 tamen
1342 3045 1603 3091 Burmannus
1624 3047 1667 3090 in
1686 3049 1776 3089 loco
1799 3046 1919 3089 valde
1940 3047 2064 3090 simili
2089 3055 2205 3092 recte
2228 3050 2341 3102 Quod
2359 3052 2397 3091 si

1964 3116 1990 3156 2
