2832 3448
441 292 531 332 OD.
559 293 629 331 VI.
659 304 724 330 vv.
759 292 795 329 l.
819 290 858 329 2.
888 290 1088 329 Scriberis
1109 311 1130 318 -
1155 311 1177 319 ·
1205 289 1318 340 alite]
1352 291 1414 330 Ne
1437 291 1480 330 in
1500 290 1677 341 pedestri
1703 287 1870 340 quidem
1902 300 2104 335 sermone,
2132 303 2256 341 quem
2295 295 2410 343 dicit,

339 360 535 401 Horatius
573 358 627 400 ab
658 358 737 399 hac
763 356 1073 397 constructione
1100 353 1342 395 abhorruit:
1398 357 1502 408 Epp.
1536 357 1577 405 1,
1606 357 1652 406 l,
1685 355 1755 398 9li:
1794 359 1961 396 curatas
2000 356 2211 408 inaequali
2239 365 2411 403 tonsore,

341 427 465 470 Ovid.
490 429 588 468 Met.
622 427 669 475 7,
701 424 774 465 5οε
821 429 1002 465 matrum
1042 421 1289 465 celebrabere
1324 422 1460 463 turba.
1516 423 1580 464 Ad
1610 424 1728 477 prius
1763 422 1906 475 utique
1943 423 2179 477 exemplum
2209 428 2413 480 applicari

341 500 481 548 potest
504 492 796 548 interpretatio
825 491 1049 546 scaligeri,
1087 501 1212 544 quam
1232 488 1336 531 mihi
1356 489 1558 532 indicavit
1578 490 1843 545 Bernhardy:
1875 490 2077 540 „Diceris
2102 513 2123 523 ·
2147 513 2169 522 -
2187 492 2337 543 alite’'‚
2369 497 2410 537 id

343 569 428 612 est,
468 570 601 612 „cum
637 560 790 602 Varius
821 560 876 601 sit
909 562 1034 614 poeta
1071 558 1266 612 epicus”,
1324 557 1435 611 „qui
1465 558 1584 599 locus
1622 559 1783 600 Horatii
1819 559 1925 599 male
1968 558 2091 613 volgo
2121 559 2412 613 magistrorum

341 629 608 683 conceptus.”
633 629 832 681 (Castigg.
862 628 906 668 in
934 630 1125 680 Propert.
1149 638 1192 680 p.
1227 626 1320 667 270.
1354 625 1426 666 Ed.
1465 625 1623 678 4607),
1654 626 1708 666 ad
1741 626 1987 668 ovidianum
2013 638 2099 667 nou
2124 628 2238 669 item.

441 698 536 737 Isin.
564 709 607 737 v.
635 697 675 736 7.
709 697 863 736 Cursus
888 695 1067 747 duplicis
1090 718 1133 724 -
1161 694 1313 747 Ulixei]
1335 693 1542 746 Exemplis
1568 692 1677 734 adde
1702 692 1806 734 hoc:
1831 695 1999 747 Dionys.
2020 694 2112 736 Hal.
2133 694 2257 737 Rhet.
2284 697 2347 744 ll,
2362 696 2407 736 5:

333 763 494 818 Ἕλλην
521 763 746 816 Θετταλὸς
772 759 968 815 διπλοῦς
995 761 1076 805 καὶ
1101 761 1327 814 ποικίλος.

444 833 538 873 hm.
571 845 613 872 v.
650 831 713 871 18.
756 830 884 872 Sectis
904 853 926 860 -
945 853 969 861 -
988 829 1210 883 unguibus]
1258 831 1306 870 ln
1346 829 1464 870 Curis
1503 829 1736 870 novissimis
1771 831 1983 872 Bentleius
2021 830 2109 883 ipse
2145 842 2263 870 suam
2301 833 2408 872 coni.

342 902 496 941 strictis
520 898 786 952 improbavit.

444 967 532 1008 OD.
559 967 651 1007 VH.
679 978 722 1007 v.
754 967 796 1007 [ι.
832 965 988 1019 Tempe]
1017 966 1159 1018 Eurip.
1189 964 1340 1005 Troad.
1369 965 1468 1004 241⁸:
1515 963 1618 1006 Τὰν
1642 964 1851 1017 Πηνειοῦ
1877 964 2049 1021 σεμνὰν
2074 963 2258 1020 χώραν,
2283 967 2414 1021 Kyn-

339 1032 435 1077 ,οὐδ’
462 1032 724 1090 Οὐλύμπου
748 1032 998 1076 καλλισταν
1012 1032 1159 1088 Ὀλβῳ
1185 1032 1368 1088 βρίθειν
1391 1030 1558 1089 φάμαν
1581 1031 1744 1088 ἤκουσ’
1771 1031 1986 1076 Εὐθαλεῖ
2002 1033 2036 1075 τ’
2063 1031 2328 1089 εὐκαρπείᾳ.

444 1104 541 1144 lum.
569 1116 610 1144 v.
639 1104 678 1142 7.
710 1101 911 1155 Undique]
937 1103 1129 1142 Nostram
1158 1101 1212 1141 de
1237 1113 1388 1154 magno
1413 1101 1646 1141 Atticarum
1671 1100 1909 1140 fabularum
1941 1113 2114 1142 numero
2131 1113 2180 1142 ac
2210 1102 2413 1144 varietate

340 1171 730 1224 interpretationem
760 1167 901 1209 firmat
930 1169 1138 1209 Lucianus
1172 1168 1226 1209 de
1254 1169 1398 1208 Saltat.
1430 1168 1495 1207 1⁸0.
1510 1197 1521 1215 ,
1569 1167 1641 1208 ubi
1668 1168 1969 1220 pantomimum
1999 1181 2120 1210 nosse
2157 1169 2314 1209 debere
2338 1171 2410 1219 ait,

345 1237 434 1283 ὅσα
457 1236 567 1291 περὶ
589 1235 787 1292 Ἀθηνᾶς
814 1260 833 1269 -
857 1261 877 1270 -
901 1235 983 1278 καὶ
1007 1233 1128 1288 ὅλως
1168 1234 1250 1290 τὴν
1280 1233 1482 1292 Ἀττικὴν
1511 1235 1671 1278 πᾶσαν
1702 1234 2003 1292 μυθολογίαν·
2038 1237 2158 1278 cuius
2186 1249 2281 1278 cum
2315 1239 2414 1278 satis

339 1307 470 1346 multa
495 1305 636 1359 capita
660 1309 955 1353 memorasset,
983 1304 1041 1344 ita
1068 1303 1229 1357 pergit:
1262 1304 1403 1346 ταῦτα
1428 1302 1516 1360 μὲν
1540 1302 1629 1346 τῶν
1649 1301 1903 1357 Ἀθηναίων
1928 1302 2061 1361 ὀλίγα
2085 1303 2210 1348 πάνυ
2233 1302 2415 1362 δείγμα·

341 1388 419 1427 τος
442 1370 576 1417 ἕνεκα
602 1374 656 1416 ἐκ
682 1372 865 1416 πολλῶν
889 1372 979 1415 τῶν
1008 1370 1445 1429 παραλελειμμένων
1469 1369 1677 1426 emnam.
1710 1369 1978 1425 Bernhardy:
2006 1372 2169 1414 Orelli's
2179 1374 2414 1426 Erklanmq

337 1443 466 1493 findet
489 1443 577 1482 sich
610 1441 724 1481 nicht
756 1441 990 1481 sonderlicli
1026 1441 1103 1479 mit
1145 1440 1318 1480 Gesners
1344 1440 1604 1491 einsichtiqer
1628 1440 1775 1480 Kritik
1809 1440 1909 1479 ilber
1934 1441 2000 1480 die
2026 1441 2285 1492 Bentleysche
2315 1442 2415 1482 Note

339 1510 415 1557 ab;
447 1533 489 1539 —
517 1533 559 1539 —
588 1508 786 1549 wnilirend
811 1509 869 1548 im
890 1507 1265 1559 Zmammenhanye
1291 1507 1361 1548 des
1388 1506 1555 1547 Ganzen
1580 1507 1777 1547 vielmehr
1802 1507 1868 1547 die
1892 1507 2189 1559 mythenreicloe
2220 1508 2329 1549 Olioe
2359 1522 2413 1549 an

340 1579 412 1619 der
438 1577 554 1618 Stirn
579 1577 688 1618 eines
712 1587 790 1617 zur
816 1575 923 1616 Ehre
948 1574 1103 1616 Athens
1129 1586 1383 1628 qesunqenen
1398 1572 1459 1613 W
1456 1573 1570 1615 erkes
1583 1585 1771 1627 pranyen
1797 1585 1923 1615 musa.
1953 1574 2040 1615 Hoc
2059 1573 2163 1615 dicit
2180 1563 2411 1617 Gesnerus:

344 1677 373 1694 „
389 1646 539 1685 Fateor
567 1655 636 1685 me
660 1643 784 1684 malle
814 1643 1050 1696 scripsisse,
1082 1647 1129 1682 ut
1160 1641 1277 1682 dedit
1306 1643 1520 1682 Erasmus:
1556 1642 1742 1694 Undique
1773 1642 1980 1694 decerptae
2004 1641 2148 1694 frondi
2167 1654 2415 1695 praeponere

345 1714 521 1760 olivam,
580 1723 706 1764 qnam
752 1715 800 1752 ut
837 1709 1012 1751 credere
1051 1714 1216 1763 oportet
1249 1709 1387 1758 libris,
1433 1709 1647 1762 scripsisse
1686 1709 1922 1750 Horatium:
1971 1708 2155 1762 denique
2202 1710 2415 1763 antiquam

342 1782 567 1823 lectionem
605 1780 755 1821 melius
793 1778 1044 1832 explicatam
1086 1778 1213 1818 fuisse
1254 1788 1278 1817 a
1309 1778 1528 1818 Baxtero.”
1572 1777 1834 1830 (Ubicunque
1870 1777 1985 1818 videt
2028 1778 2162 1819 olivae
2203 1779 2321 1828 folia,
2363 1791 2412 1820 ea

341 1849 482 1889 statim
513 1849 708 1902 decerpit
734 1852 777 1889 et
803 1847 933 1888 fronti
954 1858 1054 1887 suae
1081 1845 1345 1898 praeponit.''
1377 1845 1515 1897 BAxr.)
1554 1845 1688 1896 Quam
1720 1845 1888 1897 quidem
1919 1846 2305 1898 interpretationem
2340 1860 2414 1900 pe-

343 1918 470 1959 destri
500 1927 695 1958 sermone
722 1914 882 1956 Horatii
913 1914 1137 1967 imaginem
1168 1910 1497 1968 παραφράζειν
1523 1912 1723 1961 concedn,
1753 1924 1836 1953 non
1864 1924 1964 1954 vero
1991 1912 2201 1966 explicare
2226 1914 2412 1956 eiusdem

343 1986 554 2038 proprium
579 1983 872 2037 significatum.

448 2054 539 2094 lam.
577 2064 646 2093 vv‚
678 2052 718 2093 8.
747 2051 787 2092 9.
812 2050 1027 2091 Plurimus
1054 2050 1099 2088 in
1125 2049 1298 2088 Iunonis
1318 2048 1509 2088 honorem
1534 2049 1689 2100 Aptum
1711 2049 1811 2088 dicit
1837 2050 1949 2100 equis
1969 2049 2116 2102 Arpos]
2143 2048 2408 2103 Bernhardy:

345 2121 487 2169 „Hier
517 2121 569 2160 ist
594 2119 698 2160 dicit
727 2130 862 2171 weyen
891 2117 960 2157 des
987 2115 1395 2170 voraufqeyanqenen
1425 2120 1523 2156 sunt
1550 2114 1825 2163 beibehalten;
1865 2127 1982 2155 wenn
2007 2116 2106 2156 aber
2138 2117 2204 2157 ‹lie
2225 2117 2412 2160 stnccmr

345 2188 602 2240 nothivendiq
631 2187 835 2241 plurimus
851 2185 896 2226 in
914 2185 1083 2226 lunonis
1104 2184 1328 2233 honorem,
1360 2195 1481 2231 „wer
1505 2182 1591 2235 auf
1614 2184 1686 2224 der
1711 2184 1816 2223 Iuno
1835 2183 1970 2224 Ruhm
1998 2186 2108 2225 seine
2129 2184 2260 2238 Kraft
2275 2187 2410 2234 καθ’,

342 2270 396 2297 zu
420 2254 667 2307 verkniipfen
696 2256 868 2307 zwin9t‚
897 2254 987 2294 that
1009 2265 1107 2293 man
1141 2253 1285 2300 bessem
1313 2251 1439 2299 dicet,
1470 2251 1545 2290 das
1567 2250 1737 2290 Zeiclaen
1767 2252 1956 2303 etwaiyer
1979 2252 2113 2299 Folle,
2144 2253 2221 2292 mit
2246 2253 2411 2305 Bentley

344 2322 650 2364 vorzuziehmss’
676 2321 875 2374 Equidem
897 2332 1065 2374 semper
1086 2319 1321 2361 construxi:
1351 2318 1566 2359 Plurimus
1592 2317 1693 2357 dicit
1717 2339 1738 2347 -
1758 2340 1777 2347 -
1798 2318 1930 2370 Argos
1950 2319 1995 2358 in
2014 2319 2204 2359 honorem
2223 2320 2407 2366 Iunonis,

349 2394 518 2445 „Argos
553 2389 748 2430 laudibus
775 2389 953 2438 extollit,
988 2400 1039 2430 eo
1064 2389 1108 2429 in
1141 2388 1286 2441 primis
1312 2385 1418 2436 fine,
1457 2390 1505 2427 ut
1536 2384 1767 2426 honoretur
1801 2386 1961 2426 luno:'’
2005 2398 2141 2438 neque
2178 2399 2275 2427 vero
2309 2392 2407 2440 puto

350 2459 474 2500 verba
504 2458 653 2499 Latina
684 2455 902 2498 admittere
930 2467 1082 2497 novam
1110 2456 1224 2497 illam
1257 2453 1666 2507 interpretationem.

448 2527 540 2565 Isin.
578 2536 620 2565 v.
650 2524 715 2564 lo.
756 2525 917 2576 patiens
945 2522 1233 2576 Lacedaemon]
1271 2522 1349 2563 Dio
1372 2521 1583 2574 Chrysost,
1608 2520 1695 2571 [Or.
1722 2520 1786 2561 23.
1820 2533 1863 2574 p.
1889 2520 1981 2561 250.
2014 2522 2088 2562 R.:
2133 2520 2410 2577 Λυκούργου

350 2590 644 2645 κελεύσαντος
683 2591 712 2634 ἕ
719 2605 743 2633 τ
756 2605 775 2632 ι
809 2589 905 2633 νῦν
948 2591 1271 2647 μαστιγοῦνται
1308 2586 1676 2644 Λακεδαιμόνιοι
1700 2587 1780 2631 καὶ
1816 2588 2109 2642 θυραυλοῦσι
2141 2589 2220 2632 καὶ
2244 2602 2408 2643 γυμνη-

347 2658 533 2702 τεύουσι
562 2658 639 2701 καὶ
663 2657 786 2702 ἄλλα
809 2655 960 2701 πολλὰ
987 2657 1065 2699 καὶ
1090 2656 1272 2714 χαλεπὰ
1297 2653 1499 2712 δόξαντα·
1521 2654 1581 2699 ἂν
1608 2654 1780 2711 ἑτέροις
1805 2654 2119 2711 ἀνέχονται.

452 2727 540 2766 OD.
572 2728 640 2767 IX.
677 2739 719 2766 v.
742 2725 806 2766 16.
848 2736 976 2777 neque
1007 2730 1051 2763 tn
1081 2725 1257 2777 choreas]
1289 2725 1355 2766 Sic
1384 2723 1682 2777 intelligendus
1711 2724 1838 2764 etiam
1873 2724 2016 2763 luven.
2060 2725 2105 2773 6,
2128 2726 2222 2764 172:
2263 2726 2404 2770 Parce,

348 2806 505 2845 precor,
537 2792 694 2841 Paean,
731 2799 770 2834 et
799 2799 843 2834 tu
869 2793 1022 2845 depone
1046 2792 1228 2845 sagittas.

450 2863 550 2902 lam.
575 2873 618 2901 v.
635 2861 701 2904 24..
739 2860 922 2914 latentis]
944 2859 1097 2902 Tibull.
1122 2860 1160 2908 l,
1180 2859 1219 2908 9,
1238 2860 1302 2900 ῌι.
1328 2859 1382 2899 de
1413 2859 1534 2901 simili
1563 2858 1727 2912 puellae
1757 2859 1872 2899 ioco:
1905 2859 1957 2899 Et
1984 2860 2109 2900 latuit
2132 2860 2293 2900 clausas
2315 2864 2406 2910 post

347 2929 541 2981 adoperta
572 2926 693 2980 fores.

454 2995 541 3036 OD.
571 2995 623 3035 X.
652 3006 692 3034 v.
720 2996 758 3035 8.
793 2997 971 3037 Condere
1000 2993 1129 3047 furto]
1168 2994 1385 3047 Hipponax
1423 2994 1537 3047 apud
1563 2994 1808 3035 Schneidev.
1837 2994 2023 3036 Eustath.
2050 3007 2093 3048 p.
2123 2995 2190 3036 2³9.
2218 2992 2270 3033 ad
2299 2993 2402 3034 Mer-

354 3062 537 3105 curium:
569 3059 742 3115 Φωριόν
766 3060 925 3118 ἑταῖρε.
977 3062 1025 3106 ln
1054 3059 1181 3106 Rhesi
1210 3072 1251 3103 v.
1280 3060 1372 3104 217.
1396 3064 1592 3105 vocatur:
1618 3060 1836 3117 φηλητῶν
1859 3056 1995 3117 ἄναξ.
