2832 3448
1161 206 1485 258 ..1⁰-

282 325 426 367 variae
455 326 556 368 lect.
593 324 726 377 Quid,
762 324 803 363 ri
832 322 1041 376 praetem
1075 328 1125 363 ut
1155 328 1200 364 et
1230 322 1302 365 hic
1334 324 1489 377 Quodsi
1520 323 1645 365 unice
1674 324 1815 365 locum
1838 324 1982 368 habet.
2039 329 2228 372 Alterum
2254 334 2366 374 enim

284 399 398 435 oeset
428 393 656 434 crudeliter
676 390 853 444 Virgilio
879 390 1116 432 illudentis:
1157 422 1186 440 ‚‚
1200 390 1314 433 Heus
1340 391 1474 440 bone,
1506 391 1627 445 pulsa
1660 389 1784 432 modo
1809 391 1945 444 lyram
1975 399 2090 437 tuam
2112 396 2365 451 Orphiemg

285 473 500 515 nunquam
534 464 673 501 tamen
701 457 861 500 redibit
890 457 1157 511 Quinctilius.
1173 458 1197 474 ’'

386 541 476 584 OD.
508 539 653 583 XXVI.
681 551 724 581 v.
756 538 820 582 40.
874 538 1026 593 fidibus
1052 537 1187 594 novis]
1230 552 1295 590 „a
1326 539 1492 583 nemIne
1522 540 1802 582 Romanorum
1826 544 1952 583 antea
1975 544 2193 597 pulsatis.”
2245 546 2361 602 virg.

283 611 369 652 Ecl.
402 610 450 660 5,
480 608 553 651 86ε
594 608 737 650 Pollio
765 614 803 650 et
827 610 915 663 ipae
942 606 1048 662 facit
1075 619 1180 649 nova
1209 610 1422 650 carmina.-
1459 608 1572 663 quod
1606 606 1922 663 intelligendum
1952 620 2051 652 reor
2071 611 2126 654 de
2152 624 2261 654 novo
2280 626 2366 668 ge-

284 689 386 720 nere
411 675 658 732 tragoediae
678 677 852 719 Latinae
881 675 937 717 ab
968 687 1020 717 eo
1047 677 1239 726 excult03
1267 688 1365 719 nam
1389 678 1501 719 iuter
1525 678 1797 731 antiquiores,
1831 676 2005 717 Accium
2038 679 2363 735 Pacuviumque‚

282 752 326 788 et
349 746 605 800 posteriores
618 777 631 795 ,
658 746 829 786 Varium
859 749 988 798 atque
1005 744 1205 787 Ovidium
1218 777 1230 795 ,
1267 746 1496 788 Pollionem
1519 746 1787 787 interiectum
1813 749 1857 786 et
1885 745 2007 797 quasi
2036 746 2221 791 medium
2238 750 2365 792 fuisse

281 819 613 855 consentaneum
636 818 712 854 ωε.

385 893 477 936 OD.
503 894 666 934 XXVII.
704 904 747 933 v.
774 892 815 934 5.
859 894 1203 948 verecundamque
1228 894 1450 947 Bacchum]
1480 894 1619 934 Alexis
1640 894 1683 933 in
1711 893 1845 934 Grotii
1868 894 1967 934 Exc.
2000 906 2042 947 p.
2075 893 2177 935 397:
2204 896 2259 949 ‘Q
2274 898 2363 953 γὰρ

280 961 489 1019 διμάτωρ
514 961 726 1019 Βρόμιος
752 961 808 1005 οὐ
835 961 998 1019 χαίρει
1022 958 1175 1018 ξυνών
1194 958 1411 1018 Ἀνδράσι
1435 960 1659 1017 πονηροῖς
1685 956 1786 1006 οὐδ’
1812 958 2077 1017 ἀπαιδεύτῳ
2104 961 2216 1036 βίῳ..

384 1046 480 1086 Iam.
523 1057 566 1086 v.
597 1044 662 1086 19.
720 1043 947 1098 Charybdi]
976 1042 1188 1098 Aristoph.
1221 1044 1295 1097 Eq.
1328 1044 1419 1084 248.
1475 1044 1602 1085 Cleon
1626 1047 1801 1084 vocatur
1823 1040 2069 1098 Χάρυβδις
2093 1041 2325 1099 ἁρπαγῆς.

383 1126 475 1168 OD.
508 1126 694 1167 XXVIII.
732 1137 773 1165 v.
808 1125 874 1166 40.
927 1126 1184 1166 Panthoiden
1217 1127 1365 1166 iterum
1393 1124 1512 1177 Orco]
1546 1124 1633 1165 Cir.
1660 1124 1877 1176 eleganter
1915 1124 2024 1165 hane
2052 1123 2238 1166 fabulam
2269 1139 2364 1167 na1-

281 1199 446 1234 rantem
477 1193 702 1233 Maximum
731 1193 904 1245 Tyrium
933 1193 1042 1233 Diss.
1077 1192 1148 1241 16,
1185 1193 1224 1232 2.

383 1262 477 1300 Iam.
511 1272 552 1300 v.
584 1260 650 1300 45.
703 1260 855 1301 Nervae
880 1265 1000 1313 atque
1025 1259 1169 1312 cumn]
1220 1259 1430 1301 Immerito
1465 1260 1572 1300 haec
1602 1271 1628 1300 a
1666 1260 1809 1301 nescio
1840 1271 1923 1312 quo
1957 1264 2171 1313 tamquam
2200 1260 2365 1302 abiecta

279 1327 485 1379 nimisque
514 1326 691 1367 humilia
716 1332 816 1369 sunt
839 1327 1113 1380 reprehensa.
1159 1325 1229 1369 Τὸ
1257 1323 1439 1382 δέρμα
1465 1318 1599 1369 τοῦτο
1624 1325 1707 1369 καὶ
1730 1325 1785 1371 τὰ
1810 1325 1926 1370 ὀστᾶ
1951 1326 2033 1369 καὶ
2055 1326 2140 1379 τὰς
2169 1325 2366 1381 σάρκας,

275 1393 360 1447 τῆς
384 1396 552 1451 ψυχῆς
568 1390 791 1450 χλανίδια
814 1391 1033 1451 ἐφήμερα
1060 1392 1141 1436 καὶ
1166 1392 1312 1449 dania
1337 1391 1513 1448 ἀσθενῆ
1541 1391 1622 1436 καὶ
1647 1391 1865 1450 τρύχινα,
1890 1392 2196 1448 ἀποῤῥίπτειν
2219 1392 2363 1448 ἄσμε-

278 1476 359 1506 νον
383 1461 534 1503 suadet
562 1462 767 1503 Maximus
795 1461 948 1516 Tyrius
972 1461 1080 1504 Diss.
1115 1461 1186 1510 45,
1214 1461 1255 1503 3.

379 1531 475 1571 Iam.
513 1543 555 1570 v.
583 1530 649 1571 20.
703 1530 837 1572 Saeva
867 1553 911 1561 —-
946 1529 1213 1584 Prmrpina]
1257 1530 1481 1572 Brunatius
1506 1530 1551 1572 in
1590 1531 1732 1572 Museo
1767 1529 2044 1572 Kircheriano
2071 1543 2114 1584 p.
2148 1530 2221 1571 63:
2278 1533 2362 1572 AT.

281 1598 499 1640 SAEVos.
531 1596 980 1640 PLVTO.RAPVIT.
1013 1597 1756 1639 ME.AD.1NFERA.TEMP1.A.

385 1666 476 1708 01).
507 1666 655 1707 XXIX.
703 1679 746 1708 v.
777 1667 819 1707 ἱι.
873 1666 1144 1720 horribilique
1181 1665 1313 1719 Medo]
1360 1663 1705 1721 Πανδείμαντοι
1742 1666 1853 1708 Medi
1896 1671 1995 1708 sunt
2033 1667 2213 1709 Pindaro
2253 1668 2365 1721 apud

285 1733 428 1776 Schol.
455 1734 607 1776 venet.
638 1731 850 1787 Aristoph.
878 1734 1007 1787 Vesp.
1039 1733 1133 1775 509.

387 1803 485 1843 Iam.
521 1814 563 1842 v.
595 1801 636 1844 9.
690 1802 862 1855 sagittas
888 1800 1065 1853 tendere]
1104 1802 1172 1842 Sic
1198 1801 1407 1843 Himerius
1431 1801 1507 1843 Or.
1541 1803 1615 1850 lli,
1646 1802 1693 1841 1⁸:
1730 1802 2023 1845 κυκλοῦσθαι
2048 1803 2162 1857 βέλη
2186 1816 2263 1857 pro
2294 1803 2364 1846 τό-

282 1867 404 1924 ξοις.
456 1869 542 1912 Cfr.
577 1868 760 1911 eundem
786 1868 861 1911 Or.
893 1869 936 1919 7,
964 1869 1028 1910 17.

386 1938 478 1979 OD.
505 1938 634 1979 XXX.
675 1949 718 1978 v.
744 1938 786 1977 b.
839 1936 995 1988 aedem]
1036 1936 1311 1985 „sacellum”
1349 1937 1651 1990 interpretatur
1684 1938 1811 1979 etiam
1844 1939 2054 1980 Bentleius
2096 1939 2151 1980 ad
2183 1940 2288 1992 Epp.
2322 1941 2360 1987 2,

285 2006 330 2053 2,
366 2005 432 2047 91⁸.

387 2072 475 2115 OD.
505 2072 651 2114 XXXI.
685 2085 726 2113 v.
750 2073 791 2113 8.
847 2071 1080 2112 taciturnus
1104 2069 1256 2123 amnis]
1285 2070 1431 2113 Esaiae
1448 2071 1496 2120 8,
1525 2070 1573 2112 6:
1598 2073 1788 2126 volgatus
1804 2073 2040 2127 Interpres:
2077 2086 2208 2128 aquas
2238 2074 2360 2121 Silae,

285 2153 389 2194 quae
412 2141 565 2182 vadunt
590 2153 683 2182 cum
712 2139 892 2182 silentio.

389 2225 479 2267 OD.
509 2225 690 2266 XXXIII.
728 2236 771 2265 v.
803 2224 843 2265 2.
899 2222 1109 2277 Glycerae]
1142 2223 1450 2265 Nominativum
1477 2224 1646 2277 Glycera
1672 2226 1860 2278 reperies
1889 2227 2003 2280 apud
2033 2228 2228 2268 Plautum
2258 2228 2358 2280 (Mil.

282 2296 391 2347 glor.
419 2293 470 2341 2,
496 2293 546 2341 5,
569 2292 633 2334 26.
656 2291 797 2345 Lind.)
825 2297 870 2334 et
884 2291 1114 2334 Martialem
1138 2292 1222 2345 (414,
1255 2291 1365 2343 487.)
1387 2314 1431 2322 -
1452 2291 1586 2333 Etiam
1612 2289 1904 2335 Lachmannus
1924 2294 2357 2349 (Hall.·1.iteraturztg.

284 2361 401 2404 4856.
434 2360 508 2402 Nr.
538 2360 645 2412 440.)
673 2360 789 2406 favet
816 2360 998 2402 Dissenii
1027 2359 1236 2414 opinioni,
1271 2358 1493 2413 Glyceram
1524 2358 1703 2401 eandem
1739 2359 1868 2402 fuisse
1897 2372 1994 2403 cum
2027 2363 2210 2412 Nemesi,
2247 2375 2360 2404 eom-

284 2440 439 2483 parans
464 2428 560 2469 Tib.
579 2428 620 2476 2.
651 2429 691 2476 5,
717 2428 792 2469 Sti:
825 2434 871 2470 at
893 2434 1038 2470 nostra
1058 2429 1143 2470 sint
1168 2433 1242 2468 tua
1259 2432 1398 2468 castra
1415 2427 1555 2476 domm
1589 2431 1635 2468 et
1663 2427 1710 2477 2,
1742 2427 1788 2478 6,
1815 2428 1889 2469 56:
1927 2430 1984 2470 sis
2004 2430 2109 2470 mihi
2132 2430 2241 2472 lenta
2261 2436 2355 2471 veto.

283 2498 439 2539 Verum
468 2495 607 2550 probe
622 2493 905 2549 distinguendi·
927 2501 1026 2539 sunt
1052 2498 1275 2551 poetarum
1302 2494 1545 2536 Latinorum
1569 2505 1731 2537 amores
1747 2495 1919 2538 stabiles
1947 2506 1998 2537 ac
2028 2499 2222 2551 perpetui
2246 2499 2360 2549 (Les-

284 2566 370 2613 bia,
398 2564 543 2613 Delia,
588 2562 801 2611 Nemeais,
847 2564 1046 2616 Cynum,
1099 2562 1299 2615 Corinna)
1330 2572 1355 2603 a
1392 2562 1512 2615 vagis
1549 2566 1593 2603 et
1622 2563 1868 2617 plerumque
1907 2563 2015 2606 lictis
2030 2596 2041 2614 ‚
2089 2570 2136 2606 ut
2165 2565 2210 2607 h.
2234 2567 2261 2604 l.
2296 2570 2361 2605 est

286 2635 463 2685 Glycera
486 2631 641 2673 'ribuui
680 2636 727 2673 et
762 2642 927 2680 omnes,
970 2632 1140 2685 opinor,
1174 2629 1357 2678 Horatii,
1393 2634 1571 2684 excepta
1608 2629 1711 2673 bona
1740 2631 1911 2673 Cinara.
1966 2633 2056 2676 Non
2084 2635 2185 2677 satis
2214 2633 2358 2673 memi-

284 2705 441 2743 nerunt
462 2697 654 2742 homines
686 2701 895 2740 nostrates
923 2697 1044 2741 nimis
1068 2698 1229 2742 severi·

798 2766 916 2808 Mille
937 2766 1194 2819 puellarum,
1218 2777 1444 2821 puerorum
1474 2766 1588 2807 mille
1613 2726 1788 2820 furores.

288 2836 511 2878 Paldamus
544 2836 740 2890 (Zeitamq
771 2834 850 2888 liar
877 2833 947 2875 die
971 2832 1503 2886 Alterthumwiasenschafl
1534 2833 1646 2876 4857.
1671 2836 1720 2876 Ν.
1751 2836 1883 2888 445.;)
1925 2838 2111 2878 Tibullus
2136 2843 2285 2877 musste
2313 2839 2357 2874 in

283 2904 535 2958 publicis-ten
561 2903 781 2945 Gedichten
816 2902 885 2943 die
913 2901 1088 2954 Glycera
1132 2900 1329 2956 beaunqen
1365 2901 1495 2941 haben
1507 2915 1520 2947 ‚·
1557 2908 1666 2943 smus:
1690 2903 1872 2945 erlaubte
1902 2906 1975 2944 der
2001 2905 2215 2945 Gelu-auch
2244 2902 2357 2942 nicht

286 2973 376 3013 eine
400 2972 663 3013 Privatsache
688 2971 910 3025 deryestalt
938 2970 1151 3023 offentlich
1175 2982 1228 3009 zu
1257 2970 1440 3011 macheu.
1473 2992 1516 3000 -
1552 2971 1707 3020 „Unde
1737 2972 1914 3025 petitum
1940 2971 2021 3013 hoc
2046 2971 2207 3014 iacis?‘'
2259 2970 2357 3010 For-

286 3046 399 3083 tasse
430 3050 484 3081 ex
522 3039 630 3081 Galli
663 3039 867 3093 Lycoride
905 3047 930 3080 a
973 3037 1146 3092 Virgilio
1177 3041 1425 3086 memorata;
1474 3037 1548 3079 sed
1587 3039 1729 3092 quidni
1772 3040 1938 3083 licuerit
1975 3040 2169 3085 Horatio,
2206 3040 2353 3090 poetae

288 3108 465 3151 alicuius
496 3107 672 3149 amicam
700 3109 768 3151 vel
797 3118 977 3162 puerum
1001 3104 1228 3150 delicatmn
1252 3115 1483 3149 memorare
1513 3108 1686 3160 perinde
1714 3119 1764 3150 ac
1794 3109 1991 3162 Lycidam
2023 3106 2158 3154 Sestii,
2184 3106 2352 3159 Lydiam
2424 3110 2428 3115 ’
