2832 3448
1195 158 1520 209 —lss—

430 274 519 317 OD.
554 273 698 315 xvlu.
739 282 777 313 v.
805 271 847 312 2.
889 272 980 312 Mea
1007 273 1164 312 renidet
1194 274 1241 313 in
1267 274 1386 315 domo
1413 274 1603 328 lacunar]
1627 275 1727 316 Meis
1753 275 1799 313 in
1823 275 1991 318 aedibus
2016 279 2118 319 nitet
2144 281 2318 325 lacunar
2340 287 2403 324 est

324 341 592 396 interpolatio
614 342 841 381 memorata
867 337 922 378 ab
948 337 1130 379 Henrico
1156 337 1369 392 Stephano
1395 342 1529 383 Diatr.
1558 343 1611 383 11.
1639 354 1682 396 p.
1712 340 1800 382 135.

430 412 521 450 lum.
552 421 591 449 v.
616 409 655 448 5.
693 407 827 448 trabes
846 406 1088 460 Hymettiae]
1117 406 1273 447 Eadem
1298 407 1604 461 significatione
1622 410 1780 451 Plinius
1811 410 1968 466 Paneg.
2000 414 2074 454 δάε
2105 425 2187 454 non
2215 418 2400 458 trabibus

325 486 397 519 aut
421 478 533 518 saxis
562 487 707 517 nomen
739 481 877 524 tuum,
905 475 976 516 sed
999 476 1269 516 monumentis
1296 481 1482 516 aeternae
1509 478 1648 519 laudis
1673 478 1884 519 inciditur.

426 547 519 585 lum.
563 556 602 584 ν.
638 544 702 584 17.
758 545 819 583 Tu
847 544 1022 585 secanda
1055 544 1282 597 marmora]
1327 546 1486 584 Seneca
1518 546 1712 586 Controv.
1750 546 1794 595 2,
1828 546 1880 586 9:
1930 547 1983 585 In
2023 550 2095 589 lios
2132 562 2227 603 erqo
2268 555 2399 591 exitus

315 614 553 664 (domorum
576 612 737 663 ruinas)
764 613 901 649 varius
927 611 997 650 ille
1023 617 1236 653 secatur
1261 612 1393 663 lapis,
1430 617 1477 650 ut
1509 614 1623 652 tenui
1650 612 1788 664 fronte
1813 614 2010 665 parietem
2036 621 2165 667 teqat,
2208 623 2251 656 at
2276 630 2398 669 qilam

320 683 481 719 iunctus
507 682 660 720 severe!
692 701 733 708 —
761 677 967 717 Litoribus
992 690 1148 731 quoque
1174 679 1298 719 moles
1323 678 1566 719 invehuntur
1589 680 1862 732 conqestisque
1892 680 1936 719 in
1967 680 2098 722 altum
2117 685 2238 724 terris
2270 697 2394 736 exaq-

317 753 461 798 qeruut
492 749 623 787 sinus.

424 814 514 857 OD.
542 815 650 855 XIX.
679 826 719 854 v.
746 814 785 855 1.
832 812 1022 867 rupibus]
1062 813 1147 858 cfr.
1182 813 1367 868 Euripid.
1396 814 1482 855 lon.
1515 813 1630 854 111ι1.
1664 813 1892 856 Hermann.

422 884 515 923 Imo.
543 895 582 923 v.
604 882 643 923 2.
676 881 905 935 Nymphas]
944 881 1052 923 Vide
1083 893 1157 923 vas
1186 882 1346 936 pictum
1371 882 1414 922 in
1442 883 1571 923 Musei
1597 881 1819 923 Borbonici
1843 883 1935 922 Vol.
1965 884 2015 923 11.
2044 882 2146 923 Tab.
2179 885 2242 924 [ιδ.
2273 887 2398 929 ΔΙΟ-

320 950 549 1000 ΝΥΣΟΣ,
575 949 809 999 ΣΙΜΟΣ,
834 949 1087 992 ΚΩΜΟΣ
1107 950 1299 1003 (Satyri),
1327 950 1572 992 ΧΑΙΡΑΣ
1595 948 1831 1002 (Nympha).

420 1036 514 1075 lm.
545 1047 587 1075 v.
607 1035 648 1074 5.
694 1035 970 1087 Capripedum
1001 1034 1259 1087 Satyrorum]
1286 1034 1540 1087 capripedes
1561 1035 1742 1086 Satyros,
1770 1032 1847 1074 hos
1873 1046 1969 1074 cum
2002 1025 2187 1074 Paniseis
2219 1037 2394 1075 consun-

316 1104 465 1144 ‹lentes
492 1103 690 1143 dixerunt
715 1102 934 1144 Lucretius
959 1103 1008 1150 lt,
1035 1102 1126 1142 382.
1157 1107 1200 1143 et
1229 1101 1271 1142 h.
1305 1103 1333 1142 1.
1362 1102 1568 1142 Horatius.
1623 1100 1727 1143 Vide
1753 1102 1886 1155 zoega
1911 1101 2170 1143 Bassirilievi
2202 1102 2294 1143 Tae.
2327 1104 2390 1144 75.

321 1174 413 1211 ‚VOC-
455 1173 516 1210 ΠΙ.
824 1210 827 1212 Α
934 1205 937 1208 «

420 1239 512 1278 inm.
554 1250 594 1278 v.
627 1236 691 1278 16.
731 1236 925 1290 Lycurqi]
963 1237 1134 1289 Dionys.
1164 1237 1337 1290 Longin.
1371 1236 1440 1285 15,
1471 1236 1518 1278 6:
1561 1236 1662 1280 Καὶ
1699 1236 1829 1292 παρὰ
1868 1237 1954 1291 μὲν
1980 1235 2203 1292 Αἰσχύλῳ
2230 1250 2394 1292 -παρα-

312 1302 461 1358 δὸξως
488 1304 544 1347 τὰ
567 1306 650 1349 τοῦ
675 1301 958 1359 Λυκούργου
982 1301 1198 1358 βασίλεια
1224 1303 1341 1346 κατὰ
1365 1303 1448 1359 τὴν
1479 1303 1755 1358 ἐπιφάνειαν
1781 1305 1862 1348 τοῦ
1888 1302 2117 1347 Διονύσου
2151 1305 2392 1357 δεοφορεῖ-

316 1388 400 1421 ται,
424 1372 669 1427 Ἑνὸουσιᾷ
693 1369 750 1426 δὴ
778 1368 933 1427 δῶμα,
960 1370 1189 1427 βακχεύει
1216 1371 1363 1426 στέγη.

412 1441 506 1481 imo.
535 1452 576 1481 v.
608 1439 671 1481 18.
709 1437 871 1493 uvidus]
900 1438 1042 1493 Eurip.
1077 1438 1137 1479 El.
1171 1438 1271 1479 5212:
1311 1437 1436 1496 μέθῃ
1465 1452 1515 1494 γε
1541 1439 1780 1495 βρεχθείς.

412 1509 505 1548 inin.
543 1521 582 1547 v.
604 1506 669 1547 22.
708 1506 868 1547 Cohors
895 1506 1120 1560 quantum
1161 1506 1371 1547 scanderet
1405 1506 1552 1559 impia]
1603 1506 1810 1547 Pindarus
1844 1507 1888 1546 in
1922 1507 2107 1548 Eustath.
2142 1506 2391 1547 SchneideV.

312 1589 352 1628 p.
383 1575 456 1615 56:
506 1574 740 1627 πίτναντες
766 1573 887 1619 θοὰν
910 1572 1115 1631 ΚΜμακ’
1143 1574 1192 1626 ἐς
1221 1572 1365 1617 αἰπὺν
1400 1572 1601 1629 οὐρανόν
1626 1599 1768 1615 .....
1799 1572 2171 1626 Ἀλλαλοφόνους
2212 1571 2254 1614 δ’
2287 1573 2395 1615 ἐπά-

318 1637 454 1695 ξαντο
481 1640 673 1697 λόγχας.
724 1642 866 1694 Eurip.
903 1643 990 1681 Ion.
1025 1641 1122 1681 216:
1165 1641 1265 1682 Καὶ
1290 1640 1496 1697 Βρόμιος
1535 1639 1677 1683 ἄλλον
1695 1639 1992 1694 Ἀπολὲμοισι
2029 1639 2280 1682 κισσίνοισι
2314 1641 2395 1692 βά-

313 1723 471 1763 κτροις
495 1707 689 1764 Ἐναίρει
714 1707 813 1761 Γᾶς
840 1707 1006 1750 τέκνων
1032 1708 1057 1750 ὁ
1086 1707 1316 1764 Βακχεύς.

414 1804 509 1843 Ion).
559 1815 598 1843 v.
628 1801 693 1844 28.
732 1801 856 1842 Pacis
889 1812 992 1842 eras·
1011 1801 1243 1854 mediusque
1280 1800 1391 1854 belli]
1440 1802 1543 1842 Voc.
1576 1802 1733 1842 medius
1760 1802 1929 1855 propria
1960 1800 2260 1855 significatione
2297 1812 2392 1839 cum

309 1870 495 1922 genitivo
527 1869 749 1923 aliquoties
778 1873 955 1923 usurpat
981 1868 1169 1910 Ovidius.
1225 1869 1321 1910 Met.
1346 1868 1386 1918 5,
1415 1869 1505 1910 1209.
1539 1869 1586 1917 6,
1614 1869 1704 1910 1209.
1745 1869 1808 1918 10,
1841 1869 1930 1909 255.
1973 1869 2171 1923 Apposite
2197 1868 2249 1908 ad
2285 1867 2327 1907 h.
2361 1870 2388 1907 1.

311 1938 512 1979 Arist-ides
537 1939 582 1978 in
615 1938 798 1990 Dionyso
829 1949 871 1990 p.
909 1936 975 1977 119.
1004 1935 1155 1976 Dind.:
1209 1933 1366 1992 ὥσπερ
1392 1935 1481 1992 γὰρ
1509 1934 1704 1993 δίδυμος
1734 1935 1882 1990 πάντη
1918 1934 2057 1990 αὐτὸς
2080 1935 2204 1995 πρὸς
2232 1935 2393 1979 ἑαυτὸν

311 2008 406 2047 ἐστι
431 2031 448 2038 -
474 2032 492 2039 -
517 2004 771 2062 πολεμικός
799 2018 844 2047 τε
870 2001 921 2046 δὲ
961 2003 1042 2046 καὶ
1076 2003 1311 2058 εἰρηναῖος
1345 2001 1664 2060 διαφερόντως
1698 2006 1830 2048 θεῶν.
1891 2006 1925 2045 Α
1960 2005 2141 2046 Luciano
2175 2005 2283 2045 Pise.
2322 2004 2385 2043 26.

312 2080 483 2112 vocatur
513 2072 783 2129 φιλόγελως.
824 2072 1030 2112 Credetne
1057 2084 1241 2124 unquam
1277 2073 1499 2124 posteritas
1528 2073 1856 2114 Praedicowium
1884 2073 2121 2125 scripsisse:

927 2139 1115 2181 Rhoeton
1149 2140 1352 2180 retorsisti
1382 2140 1514 2180 leonis

1029 2207 1247 2262 Unguibus
1278 2200 1569 2260 horribilisque
1597 2208 1719 2249 mala.

930 2277 1189 2327 Quamquam
1219 2274 1384 2316 choreis
1411 2275 1549 2328 aptior
1576 2281 1618 2316 et
1639 2275 1742 2316 iocis

929 2343 1125 2396 Ludoque
1149 2343 1307 2391 dictus,
1333 2355 1417 2384 non
1442 2348 1507 2385 sat
1536 2342 1713 2384 idoneus

1032 2412 1215 2465 Puqnae.
1271 2410 1486 2452 Ferebaris
1502 2425 1515 2459 ;
1548 2409 1622 2452 sed
1648 2409 1758 2453 idem

1030 2480 1149 2521 Pacis
1179 2490 1274 2521 eras
1304 2479 1550 2532 mediusque
1589 2478 1712 2526 belli3

314 2561 335 2588 a
368 2548 656 2602 Peerlkampio
686 2552 816 2588 totam
846 2547 952 2588 hanc
983 2548 1334 2602 elegantissimam
1364 2547 1566 2601 strophen
1592 2547 1758 2588 Horatio
1785 2547 2064 2589 abiudicatain
2091 2555 2209 2591 esse?

419 2645 506 2682 lum.
542 2656 579 2683 v.
615 2644 680 2683 51.
717 2642 911 2694 trilingui
948 2640 1039 2693 Ore]
1088 2654 1211 2690 „uno
1243 2653 1338 2690 ore,
1371 2641 1415 2681 in
1456 2653 1538 2694 quo
1578 2645 1663 2682 tres
1697 2641 1883 2696 linguae,
1929 2643 2016 2684 sive
2046 2643 2187 2699 lingua
2229 2641 2381 2692 trifida,

312 2711 447 2761 qualis
474 2712 575 2750 solet
600 2711 643 2750 in
670 2708 939 2763 serpentibus
965 2707 1105 2761 fingi.”
1155 2708 1295 2751 Naeke
1321 2709 1366 2749 in
1397 2711 1545 2762 Progr.
1576 2708 1687 2750 1821.
1744 2710 1877 2762 Quam
1906 2715 2044 2752 tamen
2065 2711 2380 2764 interpretatio-

314 2791 408 2819 nem
435 2783 591 2819 rectam
618 2790 708 2821 esse
740 2789 824 2819 non
850 2775 1014 2825 ·cred0‚
1052 2775 1126 2816 sed
1151 2778 1314 2831 explico
1339 2776 1393 2818 de
1425 2776 1606 2818 Cerbero
1637 2777 1841 2832 tricipite3
1896 2778 1956 2820 sic
1994 2779 2186 2821 Valerius
2211 2779 2381 2820 Flaccus

311 2847 354 2889 7.
388 2846 474 2886 184.
505 2845 656 2898 triplici
672 2847 856 2888 Hecatae
887 2849 1052 2885 cantum
1084 2844 1317 2897 trilinquem
1347 2844 1508 2886 tribuit.
1562 2845 1695 2898 Atque
1726 2846 1892 2886 omnino
1918 2847 2063 2899 quaeri
2092 2851 2249 2900 potest,
2280 2858 2379 2886 num

313 2913 541 2953 Cerberum
569 2913 687 2954 aliter
713 2924 840 2966 quam
867 2913 935 2954 vel
953 2911 1180 2965 tricipitem
1205 2913 1272 2952 vel
1289 2911 1571 2964 centicipitem
1597 2911 2062 2968 descripserintg'poetae
2079 2915 2229 2954 Latini.
2263 2913 2377 2966 Virg.

308 2985 413 3022 Aen.
439 2980 478 3029 6,
506 2981 604 3021 1117:
637 2981 829 3023 Cerberus
847 2981 945 3022 haec
963 2981 1107 3034 inqens
1121 2980 1276 3023 latratu
1288 2992 1414 3034 reqna
1428 2978 1599 3032 trifauci
1614 2981 1825 3023 Personat.
1855 2982 2192 3024 Pseudotibullus
2209 2981 2248 3027 5,
2268 2980 2306 3029 lt,
2327 2980 2377 3027 ’ὃς

312 3051 437 3090 Canis
461 3072 502 3078 —
538 3049 614 3088 Cui
643 3055 718 3088 tres
740 3056 832 3091 sunt
854 3051 1020 3104 linquae
1052 3049 1391 3104 terqeminumque
1418 3054 1553 3097 caput.
1606 3048 1722 3091 ovid.
1754 3050 1848 3091 Met.
1884 3050 1958 3105 40,
1982 3051 2055 3090 24:
2095 3061 2167 3088 nec
2205 3050 2268 3088 uti
2296 3050 2374 3089 vil-
