2832 3448
1210 155 1532 208 ...15-

440 273 529 314 01).
553 274 604 313 X.
635 285 677 314 v.
704 274 747 313 5.
773 272 955 313 Auream
976 294 1019 302 —
1038 272 1371 326 mediocritatem]
1400 274 1569 315 Pindar.
1598 275 1721 328 Pyth.
1750 276 1813 324 Η,
1841 275 1916 316 32:
1955 275 2067 318 Τῶν
2083 273 2174 330 γὰρ
2191 274 2261 331 ἂμ
2277 276 2411 320 πόλιν

336 339 566 396 εὑρίσκων
589 341 646 386 τὰ
670 339 816 397 μέσα
842 338 1113 397 μακροτέρῳ
1132 337 1276 396 Ὀλβῳ
1302 339 1546 395 τεθαλότα,
1571 342 1783 400 μέμφομ’
1808 339 1950 387 αἶσαν
1975 338 2270 399 τυραννίδων.
2326 343 2406 385 De—

335 408 533 452 mocritus
558 410 602 452 in
627 409 828 463 patruelis
852 407 936 451 mei
964 407 1122 462 opusc.
1150 413 1255 450 sent.
1291 410 1321 451 1.
1351 423 1393 464 p.
1412 411 1510 452 uo:
1536 407 1662 465 ὅκως
1687 410 1749 454 ἂν
1763 410 1885 466 πρὸς
1904 410 2143 468 μετρίης
2167 410 2405 468 κτήσιος

337 477 609 588 &maii-3125·
631 477 725 586 Ἰῧλ·
751 546 880 588 celsae
904 545 1094 599 graviore
1118 545 1229 600 casa]
1271 546 1370 588 Sine
1403 546 1584 600 imagine
1617 547 1768 588 eadem
1794 548 2003 589 sententia
2029 554 2245 589 auctorem
2276 547 2409 589 babet

334 613 555 667 Tragicum
579 612 624 652 in
654 612 783 653 Grotii
795 614 894 653 Exc.
914 624 958 666 p.
976 612 1077 654 459:
1106 614 1311 668 Πολλοῖς
1338 614 1364 657 ὁ
1391 610 1569 668 δαίμων
1593 613 1651 657 οὐ
1676 613 1781 655 κατ’
1807 612 1994 656 εὔνοιαν
2019 615 2179 669 φέρων
2202 614 2408 670 Μεγάλα

333 678 521 723 δίδωσιν
550 679 840 737 εὐτυχήματ’,
866 677 966 724 ἀλλ’
990 681 1066 724 ἵνα
1095 680 1198 734 Τὰς
1224 679 1480 738 συμφορὰς
1505 678 1710 733 λάβωσιν
1741 679 2122 735 ἐπιφανεστέρας.
2201 713 2213 725 .

436 749 530 787 lam.
576 761 614 788 v.
645 749 708 789 ¹9.
753 748 932 789 suscitat
958 748 1133 801 musam]
1185 748 1307 790 Pind.
1342 748 1510 801 olymp.
1543 748 1583 796 7,
1610 748 1685 788 1²2:
1732 747 1868 802 ἔγειρ’
1903 746 2049 791 ἐπέων
2088 745 2222 804 οἶμον
2255 750 2399 806 λιγύν.

333 815 475 856 lsthm.
507 815 552 863 7,
586 817 628 857 i:
657 811 911 870 Κλεάνδρῳ
936 829 1007 869 τις
1032 841 1051 850 -
1076 842 1096 851 -
1120 812 1383 873 ἀνεγειρέτω
1409 813 1601 871 Κῶμον.
1653 815 1798 865 Recte,
1831 819 1880 857 ut
1904 825 2016 858 nunc
2035 813 2234 865 arbitror,
2272 817 2399 860 Bern-

332 882 467 936 hardy
492 882 676 937 praefert
695 884 794 926 lect.
824 883 983 926 cithara
1007 894 1150 926 meae:
1180 882 1389 932 citharae,
1434 894 1531 925 cum
1556 882 1740 925 citharae
1764 893 1884 924 masa
1910 892 2012 925 sane
2037 883 2142 924 mire
2175 883 2399 925 diceretur.

332 951 415 993 Cfr.
449 952 573 994 etiam
599 950 680 994 Od.
712 952 752 1000 4,
782 952 844 1001 15,
876 952 913 994 i.
945 951 1129 994 Phoebas
1151 974 1196 982 -
1216 963 1281 993 me
1307 974 1351 981 -
1372 952 1582 1005 increpuit
1612 952 1722 1005 lyra.

432 1021 514 1064 OD.
548 1021 617 1064 XI.
646 1034 686 1063 v.
720 1021 783 1064 14.
833 1022 893 1063 sic
926 1020 1084 1075 temere]
1125 1020 1211 1063 Cic.
1252 1020 1367 1063 Atat.
1395 1019 1488 1063 250.
1520 1020 1740 1075 planetae:
1782 1019 1867 1061 Sic
1901 1020 2065 1061 malam
2102 1032 2243 1063 errare
2283 1034 2407 1075 vaqae

328 1101 402 1140 per
429 1089 574 1131 nubila
615 1090 732 1131 caeli.
786 1091 959 1131 Ioannes
996 1089 1154 1143 Evang.
1183 1089 1234 1138 4,
1260 1088 1309 1130 6:
1364 1087 1390 1132 ὁ
1410 1087 1592 1142 Ἰησοῦς
1616 1112 1638 1122 -
1660 1113 1681 1121 -
1706 1086 1944 1141 ἐκαθέζετο
1988 1085 2171 1140 οὕτως
2210 1089 2287 1132 ἐπὶ
2323 1091 2406 1145 τῆς

330 1158 493 1214 πηγῆς.
545 1157 623 1198 Dio
651 1155 861 1211 chrysost.
902 1157 976 1199 Or.
1016 1155 1078 1198 1³.
1124 1169 1166 1211 p.
1200 1156 1290 1198 445.
1318 1157 1393 1198 R.:
1436 1155 1524 1200 οὐκ
1563 1157 1613 1200 ὲν
1654 1156 1708 1213 τῇ
1745 1154 1914 1213 ἀγορᾷ,
1957 1154 2171 1200 οὑτωσὶ
2208 1154 2261 1201 δὲ
2299 1159 2405 1202 κατ’

330 1224 494 1268 οὶκίαν.

429 1294 523 1333 ιιι».
552 1305 593 1333 v.
621 1293 686 1333 23.
719 1292 886 1344 umam]
929 1292 1015 1331 err.
1047 1291 1129 1332 od.
1154 1292 1202 1338 5,
1233 1293 1304 1339 ιιι,
1338 1292 1403 1332 22.
1455 1291 1579 1332 ovid.
1609 1293 1706 1333 Met.
1740 1293 1790 1340 s,
1817 1292 1920 1332 518:
1973 1292 2227 1344 (Atalantae)
2261 1294 2403 1335 Criu-‘s

327 1366 414 1400 erat
456 1360 653 1413 simplex,
692 1360 846 1400 nodum
879 1359 1067 1399 collectus
1105 1359 1152 1399 in
1175 1370 1304 1399 unum
1315 1373 1329 1406 ,-
1374 1359 1517 1411 sicque
1549 1358 1661 1411 picta
1700 1364 1765 1401 est
1791 1359 1983 1401 Atalanta
2018 1359 2063 1400 in
2103 1358 2246 1401 tabula
2277 1360 2401 1402 Pom-

326 1428 477 1479 peiana
507 1428 636 1467 Musei
662 1426 883 1466 Borbonici
907 1426 1001 1466 Vol.
1030 1426 1118 1466 vll.
1144 1426 1192 1466 Τ.
1223 1426 1262 1466 2.

427 1494 518 1535 OD.
547 1494 635 1534 XV.
680 1506 720 1534 v.
752 1494 792 1534 7.
834 1493 988 1534 olivetis
1022 1515 1065 1522 -
1100 1491 1322 1533 Fertilibus
1359 1493 1523 1534 domino
1560 1494 1710 1546 priori]
1757 1496 1916 1535 Seneca
1952 1494 2005 1535 de
2032 1494 2128 1534 Vita
2168 1494 2293 1537 beata
2325 1498 2395 1536 ¹7:

329 1563 413 1602 Gar
438 1561 603 1603 arbores
630 1566 794 1614 praeter
817 1560 1008 1602 umbram
1032 1559 1143 1602 nihil
1168 1559 1342 1601 daturae
1365 1563 1664 1602 conserantur?

429 1629 524 1671 ΙΒιο.
557 1641 598 1671 v.
630 1629 693 1671 17.
727 1628 1011 1682 fortuitum-
1008 1627 1244 1682 cespitem]
1283 1628 1351 1669 Sic
1382 1628 1550 1670 Pindar.
1584 1629 1708 1683 Pyth.
1741 1630 1790 1678 4,
1819 1630 1886 1670 55.
1926 1629 2094 1683 glebam
2136 1635 2261 1671 vocat
2292 1645 2404 1686 προ.

326 1697 470 1753 τυχὸν
495 1694 657 1752 ξένιον.

428 1765 516 1807 OD.
545 1766 653 1808 XVI.
681 1777 723 1806 v.
750 1764 815 1806 26.
845 1776 994 1806 amara
1026 1764 1133 1806 lento
1163 1765 1369 1819 Temperet
1394 1764 1552 1819 risaJ,
1559 1732 1752 1813 ‚docto”
1778 1765 1914 1817 inquit
1945 1764 2244 1812 Mitscherlich,
2275 1769 2401 1820 „epi-

324 1833 453 1875 theto.
459 1834 482 1850 ’³
534 1835 677 1887 Aeque
703 1834 844 1874 docte
877 1832 1042 1875 Consol.
1069 1833 1124 1874 ad
1154 1834 1239 1875 Liv.
1268 1835 1374 1887 Aug.
1410 1833 1511 1874 279:
1561 1833 1791 1873 Consistam
1818 1833 2010 1886 laetisque
2037 1834 2167 1875 oculis
2193 1835 2397 1887 testumque

324 1900 729 1955 (qleichqiiltiy)
751 1901 886 1941 videbo
915 1901 1057 1942 Strata
1076 1913 1155 1954 per
1178 1901 1393 1943 obscoenas
1424 1912 1599 1953 corpora
1629 1900 1744 1942 nuda
1773 1901 1872 1941 vias.

427 1969 520 2009 lam.
553 1980 594 2008 v.
623 1968 688 2009 51.
717 1968 771 2008 Et
795 1967 900 2008 mihi
917 1966 1080 2019 forsan,
1112 1967 1204 2020 tibi]
1233 1967 1332 2008 Cod.
1361 1967 1567 2019 Franeq.:
1599 1966 1654 2007 Et
1677 1967 1783 2007 mihi
1805 1966 1897 2019 fors
1925 1973 1964 2007 et
1989 1968 2088 2015 tibi,
2122 1968 2231 2010 unde
2249 1969 2395 2011 Rosius

322 2036 554 2090 suspicatus
586 2040 650 2076 est
680 2034 894 2076 Horatium
919 2034 1133 2088 scripsisse
1158 2033 1304 2086 forsit,
1342 2036 1390 2073 ut
1422 2034 1506 2073 Sat.
1541 2033 1561 2073 i
1575 2064 1586 2082 ‚
1621 2032 1666 2080 6,
1700 2032 1765 2074 49.
1817 2034 2034 2087 Ingratum
2073 2039 2214 2076 tamen
2244 2048 2392 2078 sonum

323 2106 357 2144 it
386 2105 420 2144 ti
457 2101 732 2156 proculdubio
776 2101 921 2142 vitavit
959 2103 1105 2154 poeta,
1168 2105 1212 2140 et
1262 2100 1336 2153 qui
1372 2099 1539 2153 scripsit
1581 2099 1776 2140 codicem
1823 2100 1941 2140 illum
1983 2104 2231 2155 ceteroquin
2279 2103 2391 2146 haud

324 2170 604 2224 spernendum
642 2170 782 2211 nescio
813 2180 895 2222 quo
937 2168 1087 2209 mentis
1125 2178 1268 2209 errore
1300 2166 1343 2208 in
1375 2159 1520 2208 falsam
1561 2167 1903 2221 compositionem
1934 2169 1996 2209 Et
2019 2170 2125 2210 mihi
2154 2193 2198 2200 -
2231 2177 2277 2211 et
2319 2173 2392 2212 tibi

327 2239 484 2279 incidit.

424 2305 512 2347 OD.
541 2305 665 2346 XVll.
703 2317 744 2344 v.
775 2304 837 2344 17.
879 2315 940 2344 me
966 2303 1158 2356 Scorpius
1187 2302 1378 2356 adspicit]
1417 2302 1543 2343 Iulius
1572 2302 1773 2345 Fit-micus
1804 2304 1847 2343 in
1880 2304 1982 2345 locis
2007 2316 2032 2345 a
2064 2305 2273 2359 Lessingio
2303 2307 2389 2358 pri·

327 2387 436 2416 mum
465 2372 589 2414 editis
619 2373 704 2413 Zur
735 2371 964 2412 Geschichte
998 2370 1086 2411 and
1109 2370 1317 2411 Literatar
1340 2371 1410 2411 111.
1444 2382 1486 2423 p.
1513 2369 1611 2411 528:
1643 2371 1693 2413 Si
1717 2371 1806 2412 Iove
1833 2372 1880 2410 in
1902 2377 2024 2424 parte
2059 2372 2267 2425 horoscopi
2287 2386 2387 2413 con-

327 2443 462 2484 stituto
486 2442 532 2482 in
560 2452 704 2482 occasa
734 2445 771 2481 et
794 2440 839 2480 in
864 2438 1062 2479 diametro
1101 2437 1304 2480 Saturnus
1337 2439 1574 2479 constitutus
1603 2437 1734 2479 Iovem
1765 2438 2107 2493 horoscopumque
2144 2441 2389 2492 respiciat

327 2513 373 2551 in
399 2510 548 2551 diurna
576 2509 766 2562 qenitara
794 2512 831 2549 et
863 2506 980 2546 Lana
1006 2507 1132 2560 plena
1166 2504 1372 2559 referatur
1411 2506 1467 2545 ad
1493 2505 1649 2552 lacera,
1677 2506 1867 2553 divitias,
1903 2506 2117 2560 felicitates
2146 2512 2183 2546 et
2205 2519 2389 2550 summae

328 2578 585 2619 beatitudinis
611 2576 858 2617 incrementa
885 2574 1117 2615 decernam.

431 2646 522 2686 ism.
554 2656 593 2685 v.
623 2643 687 2684 ¹8.
725 2653 828 2696 pars
852 2636 1077 2694 violentior]
1108 2640 1289 2681 Eandem
1315 2640 1525 2693 fortiorem
1551 2641 1827 2682 radiationem
1842 2673 1855 2689 ,
1881 2643 2068 2694 fortiores
2096 2644 2237 2683 stellas
2263 2651 2384 2685 vocat

329 2715 526 2759 Firmicus
549 2710 650 2753 ibid.
679 2723 721 2762 p.
749 2710 840 2750 281⁸.

430 2781 522 2820 ΙΒιυ.
566 2792 604 2819 v.
631 2778 695 2819 22.
733 2778 859 2830 impio
884 2776 1076 2830 Saturno]
1120 2776 1338 2830 Nefarium
1368 2775 1471 2817 dicit
1495 2776 1724 2819 Saturnum
1747 2778 1858 2819 idem
1881 2778 2060 2831 scriptor
2084 2778 2188 2820 ibid.
2220 2792 2263 2832 p.
2284 2780 2385 2828 2293

326 2848 543 2899 eidemque
567 2848 764 2887 minacem
794 2845 1066 2886 radiationem
1095 2845 1313 2898 aliquoties
1334 2843 1504 2894 tribuit,
1533 2850 1583 2885 ut
1612 2858 1655 2899 p.
1688 2845 1779 2903 226.
1833 2846 1880 2887 ln
1910 2844 2101 2887 omnibus
2126 2846 2191 2888 his
2217 2846 2383 2889 Fit-mici

325 2916 427 2958 locis
456 2912 567 2968 apud
594 2911 848 2967 Lessingium
873 2911 1011 2954 stellae
1036 2923 1079 2954 se
1109 2917 1154 2955 et
1176 2912 1373 2966 respicere
1396 2915 1443 2953 et
1464 2913 1648 2967 aspicere
1670 2913 1819 2955 crebro
1850 2912 2058 2953 dicuutur.

429 2984 522 3024 Iam.
550 2994 590 3023 v.
621 2981 686 3023 29.
715 2980 1024 3023 Mercurialium
1041 3001 1084 3011 —
1105 2979 1300 3032 virorum]
1323 2977 1564 3023 Philostrat.
1592 2981 1755 3024 Heroic.
1786 2993 1826 3034 p.
1862 2981 1924 3022 ¹8.
1958 2981 2168 3024 Boisson.:
2198 2981 2268 3035 τὶς
2294 2983 2379 3023 τῶν

327 3050 457 3103 παρὰ
481 3050 561 3094 τοῦ
582 3048 748 3106 Ἑρμοῦ
775 3049 946 3101 σοφῶν.
