2832 3448
1250 160 1542 208 ...2-

355 276 545 315 locorum
573 274 854 315 communium
884 277 929 312 et
958 273 1244 326 exemplorum
1277 272 1484 324 quaedam
1526 272 1644 325 quasi
1687 269 1952 326 παράδοσις
1978 283 2056 327 per
2092 273 2433 331 philosophorum

355 354 408 383 ac
435 343 650 383 rhetorum
682 340 844 382 scholas
875 346 1120 394 propagata,
1153 351 1205 379 ex
1247 350 1329 391 qua
1360 351 1504 379 omnes
1535 340 1809 388 hauriebant;
1849 339 1908 380 ita
1939 345 1987 381 ut
2015 339 2182 382 easdem
2208 346 2435 387 sententias

356 410 482 452 modo
509 410 628 451 novis
657 407 866 450 coloribus
895 413 1064 449 ornatas
1094 413 1136 448 et
1163 406 1387 459 expolitaS‚
1418 406 1543 446 modo
1575 409 1721 463 pingui
1752 408 1935 448 Minerva
1967 409 2167 462 repetitas
2193 409 2239 450 in
2270 413 2435 466 scriptis

358 479 445 520 suis
475 478 630 519 alicubi
660 477 775 517 velut
804 476 901 529 lege
927 476 1008 517 hac
1041 475 1094 516 de
1125 486 1171 515 re
1202 474 1287 514 lata
1319 475 1588 514 collocarent.
1643 478 1689 515 ln
1720 474 1801 517 hac
1840 480 1979 529 autem
2006 474 2266 532 παραδόσει
2303 480 2434 521 Hora-

361 547 443 588 tius
477 557 660 599 quoque,
709 556 763 585 ex
804 554 888 598 quo
918 549 1108 597 tempore
1134 542 1309 584 Athenis
1347 542 1391 583 in
1429 542 1666 584 litterarum
1706 543 1844 586 studia
1886 542 2155 595 incubuerat,
2202 551 2244 587 et
2281 546 2431 589 crebra

356 620 502 669 postea
530 613 858 662 Socraticorum,
903 612 1154 659 Stoicorum,
1186 611 1486 664 Epicureorum
1513 610 1695 652 lectione
1721 624 1835 661 usus,
1868 611 2097 653 habitabat.
2153 614 2278 654 Plura
2309 614 2433 655 huius

358 682 523 737 generis
539 680 773 736 significavi
789 681 833 721 in
850 680 932 721 hac
954 678 1256 733 scriptiuncula
1275 678 1370 732 (etsi
1392 682 1525 719 totum
1540 689 1674 733 genus
1691 678 1878 721 nondum
1902 679 2148 739 exhaustum
2166 693 2256 723 esse
2275 681 2431 734 video),

356 763 438 803 quo
465 750 622 790 clarius
649 749 838 796 fortasse,
871 758 998 800 quam
1027 752 1150 788 antea
1178 747 1336 787 factum
1363 753 1451 795 est,
1481 744 1587 787 haec
1615 757 1714 799 pars
1744 745 2034 801 philosophiae
2063 747 2312 791 Horatianae
2341 750 2434 791 illu-

354 823 576 859 straretur.
631 818 720 858 Non
748 816 860 856 enim
885 815 930 855 in
963 815 1031 855 his
1058 820 1122 855 est
1148 814 1319 854 fortuita
1347 813 1562 854 dumtaxat
1587 813 1827 864 verborum,
1858 821 1915 864 et,
1945 816 1980 857 si
2005 816 2087 865 vis,
2113 816 2239 857 etiam
2261 822 2432 859 senten-

354 885 510 927 tiarum
531 883 771 933 similitudo,
795 882 872 924 sed
891 888 1007 924 certa
1032 887 1074 923 et
1105 886 1299 923 constans
1326 881 1532 934 quaedam
1554 881 1687 922 forma
1705 882 1817 923 vitae
1836 882 2163 937 disciplinaeque
2189 883 2301 925 illius
2327 886 2436 926 anti-

354 964 488 1006 quae,
516 963 642 1004 quam
662 951 918 991 innovarunt
949 950 1018 990 vel
1044 949 1182 989 dicam
1208 949 1551 990 deformaverunt
1575 949 1762 1003 magistri
1790 950 1934 991 ludaei
1970 956 2014 992 et
2034 950 2258 992 Christiani
2283 952 2382 993 inde
2409 966 2433 995 a

354 1020 551 1070 Philone,
593 1020 772 1069 Iustino,
798 1017 1010 1060 Clemente
1048 1016 1342 1066 Alexandrino,
1373 1016 1649 1067 Tertulliano,
1696 1028 1821 1071 quam
1843 1022 1985 1060 tamen
2016 1019 2268 1061 intellexisse
2295 1027 2434 1063 nostra

353 1089 510 1138 refert,
543 1094 592 1130 ut
623 1099 731 1141 quae
761 1085 970 1127 humanae
997 1089 1173 1126 naturae
1199 1085 1325 1138 longe
1352 1085 1671 1127 convenientior
1701 1085 1768 1127 sit.

459 1182 557 1224 m.
588 1181 623 1222 1.
655 1180 746 1223 OB.
773 1181 806 1221 1.
836 1180 874 1220 1.
906 1191 948 1220 v.
974 1179 1013 1220 k.
1046 1178 1278 1233 Colleqisse]
1305 1179 1392 1220 Cfr.
1426 1181 1513 1220 Sat.
1543 1179 1582 1229 1,
1610 1180 1652 1228 lt,
1676 1179 1742 1220 51.
1776 1179 2008 1221 Simonides
2037 1181 2082 1221 in
2113 1181 2299 1235 Epinicio
2321 1184 2433 1236 apud

354 1248 604 1294 schneidev.
658 1246 848 1291 Emmh.
877 1260 921 1302 p.
955 1246 1029 1288 61:
1067 1246 1221 1291 Κονία
1247 1245 1299 1290 δὲ
1325 1246 1457 1302 παρὰ
1484 1245 1656 1304 τράχον
1682 1246 1998 1302 Μεταμώνιος
2024 1247 2191 1303 ἀέρθη.
2242 1250 2435 1292 Ceterum

353 1318 527 1360 effusam
568 1317 780 1364 victu-nm
812 1319 860 1358 et
887 1315 955 1357 his
993 1315 1226 1357 faventium
1262 1315 1468 1357 laetitiam
1503 1320 1629 1369 atque
1669 1315 1988 1359 exsultationem
2026 1317 2198 1372 egregie
2237 1317 2438 1360 describit

351 1387 432 1428 Dio
461 1385 678 1440 Chrysost.
708 1384 784 1426 Or.
818 1383 859 1426 9.
891 1395 935 1438 p.
968 1384 1061 1425 292.
1097 1385 1146 1425 R.

455 1481 552 1520 laun.
594 1491 635 1518 v.
665 1478 730 1518 11.
785 1475 958 1531 findere]
1005 1477 1187 1517 Alterius
1225 1477 1417 1518 lectionis
1452 1476 1635 1518 scindere
1679 1487 1786 1530 quae
1826 1478 1880 1518 sit
1911 1478 2160 1534 auctoritas,
2207 1491 2290 1520 non
2334 1480 2433 1521 satis

351 1548 504 1600 liquet:
537 1556 635 1586 nam
662 1549 824 1586 certam
854 1542 1020 1584 Codicis
1050 1544 1227 1583 alicuius
1254 1544 1440 1584 nondum
1471 1544 1664 1597 repperi3
1697 1544 1895 1597 quocirca
1926 1545 2015 1586 sine
2048 1544 2176 1586 dubio
2208 1546 2435 1588 reiicienda

352 1620 431 1656 est.
463 1615 528 1654 De
546 1617 687 1654 aratro
704 1610 875 1665 quidem
887 1623 929 1653 v.
945 1610 1129 1652 scindere
1148 1610 1394 1664 frequenter
1415 1615 1662 1665 usurpatum
1681 1622 1772 1653 esse
1792 1610 2080 1654 demonstrant
2094 1610 2202 1655 haec
2220 1614 2433 1669 exempla:

352 1683 492 1725 Plaut.
523 1681 639 1722 Trin-
672 1680 719 1729 2,
752 1680 793 1728 lt,
829 1679 927 1720 122:
957 1679 1068 1721 Olim
1096 1685 1207 1720 terra
1238 1691 1330 1719 cum
1352 1680 1743 1733 proscinditur,
1772 1680 1825 1719 In
1855 1681 1997 1734 quinto
2028 1692 2183 1735 quoque
2208 1682 2321 1724 sidco
2345 1695 2437 1724 mo·-

354 1752 526 1792 riantur
551 1748 676 1791 boves.
730 1747 850 1801 Virg.
886 1748 960 1788 Ge.
992 1747 1039 1796 2,
1073 1747 1174 1788 599:
1226 1748 1444 1800 quotannis
1483 1747 1635 1800 Terque
1666 1754 1886 1801 quaterque
1912 1744 2043 1789 solum
2079 1751 2435 1791 scindendum.

352 1817 462 1861 lbid.
495 1817 545 1869 3,
581 1815 672 1859 160.
701 1815 863 1859 Seneca
893 1813 1046 1857 Troad.
1082 1813 1204 1857 1021:
1252 1819 1410 1856 centum
1437 1814 1553 1857 Rura
1578 1815 1649 1869 qui
1675 1815 1914 1858 scindunt
1940 1816 2133 1870 opulenta
2160 1816 2301 1859 bubus.
2331 1818 2437 1860 Fin-

355 1888 447 1928 dere
482 1885 538 1928 de
571 1884 721 1927 eadem
757 1896 804 1926 re
835 1888 1012 1938 usurpat
1050 1882 1389 1924 Pseudotibullus
1420 1882 1467 1932 ὅ,
1501 1882 1550 1933 5,
1581 1883 1653 1923 42:
1707 1883 1895 1938 Arvaque
1934 1884 1971 1925 si
2008 1883 2224 1938 findant
2259 1887 2436 1941 pinguia

355 1955 469 1995 mille
498 1954 625 1994 boves.
679 1953 829 2005 Aptius
855 1956 997 1991 tamen
1031 1956 1095 1991 est
1123 1950 1203 1990 hoc
1230 1963 1270 1991 v.
1304 1950 1357 1990 de
1388 1951 1533 1991 rastris
1564 1955 1607 1990 et
1638 1951 1834 2000 sarculis,
1881 1956 1928 1991 ut
1957 1952 2033 2000 sit,
2069 1951 2179 2005 quod
2210 1952 2315 1994 dixit
2343 1947 2438 1995 Vir-

355 2021 480 2075 gilius
510 2022 584 2061 Ge.
615 2020 662 2068 1,
690 2019 766 2061 92⁸:
801 2019 951 2059 rastris
977 2017 1115 2071 qlebas
1141 2019 1213 2071 qui
1240 2017 1290 2071 fr
1303 2030 1366 2057 an
1375 2019 1428 2071 qi
1436 2023 1451 2057 t
1477 2019 1640 2059 inertes.

455 2106 550 2145 lam.
589 2116 629 2144 v.
664 2104 728 2145 17.
795 2104 843 2143 ln
883 2102 1002 2143 Curis
1035 2102 1267 2142 novissimis
1311 2102 1522 2143 Bentleius
1562 2102 1740 2143 Acidalii
1779 2103 1888 2144 coni.
1934 2109 2022 2145 tuta
2061 2102 2230 2147 firmare
2267 2105 2427 2147 studuit

352 2176 449 2215 loco
480 2171 604 2214 ovid.
633 2171 755 2213 Trist.
788 2170 936 2230 lt,.‘10,
969 2169 1042 2211 39:
1086 2170 1139 2210 Et
1173 2175 1307 2222 petere
1346 2169 1504 2209 Aoniae
1542 2170 1768 2210 suadebant
1807 2176 1918 2211 tuta
1954 2184 2113 2213 sorores
2154 2173 2249 2213 Otia
2282 2175 2435 2215 iudicio

354 2253 514 2294 semper
538 2244 677 2279 amaea
703 2251 804 2280 meo.

458 2310 557 2349 lam.
588 2320 630 2348 v.
664 2307 727 2348 29.
771 2305 850 2359 Me]
893 2305 979 2347 Cir.
1010 2305 1140 2346 Wolf.
1174 2305 1292 2345 Anal.
1324 2304 1363 2344 2.
1399 2316 1442 2356 p.
1476 2305 1591 2352 275„
1646 2306 1781 2346 Leiste
1822 2310 1864 2345 et
1904 2305 2113 2363 Kiessling
2155 2309 2199 2348 in
2232 2309 2425 2351 Seebodii

359 2377 527 2419 Archiv.
558 2375 676 2417 1825.
705 2387 748 2427 p.
781 2374 858 2415 1476
885 2379 929 2415 et
959 2374 1051 2414 Ιι81.
1086 2378 1167 2413 cet.
1223 2373 1308 2413 Des
1349 2372 1570 2412 Fontaines
1600 2373 1746 2426 legens
1778 2374 1828 2413 Te
1857 2375 2159 2427 interpretatus
2187 2383 2269 2418 est:
2314 2378 2436 2426 „He-

359 2443 484 2487 derae
513 2442 591 2487 abs
628 2447 672 2484 te
705 2441 829 2484 datae
854 2441 988 2496 poetis
1018 2446 1061 2483 te
1096 2440 1161 2483 dis
1178 2440 1461 2483 consociant.”
1495 2440 1604 2493 Quia
1632 2441 1800 2483 inanem
1825 2442 1935 2483 hanc
1967 2443 2077 2484 coni.
2096 2445 2197 2501 satis
2212 2445 2294 2487 iam
2313 2446 2428 2486 refu-

359 2516 489 2556 tatam
514 2511 731 2569 putabam,
762 2510 807 2551 in
835 2509 910 2552 Ed.
944 2515 1082 2552 actum
1114 2521 1239 2564 agere
1273 2508 1401 2550 nolui.

462 2579 549 2621 OD.
576 2581 628 2621 11.
661 2591 703 2619 v.
737 2579 777 2618 2.
819 2577 984 2618 rubente
1009 2577 1201 2630 Dextera]
1234 2576 1445 2618 Audacius
1487 2577 1613 2617 etiam
1657 2577 1778 2620 Pind.
1824 2578 1987 2632 Olymp.
2018 2580 2094 2629 11,
2122 2581 2198 2622 80:
2246 2581 2431 2635 πυρπά-

357 2650 511 2702 λαμον
538 2646 669 2700 βέλος
692 2642 1001 2701 Όρσικτύπου
1027 2643 1154 2697 Διός.

463 2716 560 2756 lam.
600 2726 640 2755 ν.
669 2714 734 2755 54.
782 2712 920 2765 Iocus]
957 2711 1033 2752 Hic
1062 2712 1230 2764 proprie
1260 2710 1535 2766 apponendus
1565 2717 1658 2752 erat
1687 2712 1802 2753 locus
1832 2713 1970 2753 Plauti
2002 2715 2154 2756 Bacch.
2187 2717 2259 2763 82,
2309 2710 2433 2768 quein

359 2783 459 2825 dedi
485 2781 542 2824 ad
575 2780 654 2824 Od.
689 2783 732 2831 1,
765 2781 832 2831 55,
867 2780 932 2821 12.
1720 2827 1723 2830 Ι

378 2893 383 2897 ,
464 2851 562 2892 lm.
603 2860 644 2889 v.
673 2848 735 2891 56.
781 2846 983 2902 Respicis]
1016 2846 1137 2889 Adde
1169 2847 1380 2900 exempla:
1413 2846 1550 2888 Plaut.
1579 2845 1730 2889 Bacch.
1759 2849 1807 2897 lt,
1843 2848 1882 2897 5,
1912 2849 1986 2890 24:
2017 2851 2129 2891 Deus
2157 2853 2342 2903 respiciet
2359 2864 2432 2891 uos

361 2919 531 2973 aliquis.
586 2918 746 2958 Seneca
775 2916 945 2971 Thyest.
976 2915 1079 2957 1⁸59:
1108 2915 1308 2968 Respiciet
1334 2916 1431 2956 detes
1462 2914 1570 2955 Beue
1597 2916 1784 2969 coqitata.
2090 2967 2093 2971 Α

464 2987 561 3026 lum.
605 2998 646 3026 v.
682 2985 747 3025 59.
808 2984 962 3037 Mauri]
1004 2983 1088 3024 Cfr.
1135 2983 1289 3023 Incerti
1327 2985 1480 3035 Paneg.
1526 2983 1633 3022 Max.
1680 2990 1721 3023 et
1753 2986 1890 3024 Const.
1939 2986 2038 3039 Cap.
2074 2987 2119 3028 8:
2161 2987 2433 3040 ferocissivroos

363 3055 646 3096 Mauretaniae
669 3052 855 3106 populos.
909 3052 1002 3105 Quo
1034 3052 1226 3104 exemplo
1254 3063 1397 3092 rursus
1429 3050 1618 3091 firmatur
1647 3051 1849 3092 librorum
1882 3052 2018 3093 lectio.
