2832 3448
1207 215 1497 263 -8-

314 332 488 386 {inqenti
517 334 790 386 formantique
818 324 923 370 mihi
950 332 1206 383 principem,
1243 343 1358 383 quem
1393 335 1565 382 aequata
1593 329 1657 369 dis
1695 329 1995 371 immortalibus
2023 337 2200 384 potestas
2228 337 2393 384 deceret,

315 413 529 454 nunquam
557 405 652 440 voto
682 398 825 439 saltem
860 399 1069 451 concipere
1102 397 1304 439 succurrit
1347 392 1521 437 similem
1564 397 1684 443 hnic,
1722 406 1838 449 quem
1869 398 2072 439 oidemus:
2118 410 2168 440 ac
2199 405 2395 446 tumidius

317 468 442 508 etiam
468 468 565 520 Cap.
601 466 666 507 80.

422 535 510 576 OD.
542 534 649 574 XIV.
685 546 726 573 v.
756 534 796 574 5.
827 535 971 574 Nonne
993 534 1100 573 vides
1127 538 1173 573 ut
1200 532 1298 585 cet.]
1326 531 1406 583 Qui
1429 543 1525 572 cum
1555 529 1786 573 Meineckio
1815 529 2063 574 indicativos
2089 542 2266 587 ymnum,
2295 552 2392 590 pos-

316 610 409 644 sunt
439 601 709 655 praeferunt,
753 607 958 643 commate
1002 600 1127 641 etiam
1162 605 1256 654 post
1282 613 1349 641 vv.
1394 605 1440 640 ut
1479 600 1647 641 Nudum
1675 600 1843 653 remiqio
1875 595 1983 639 latus
2023 601 2185 654 posito,
2231 603 2283 644 ad
2314 602 2394 648 lioc

312 670 487 712 incisum
516 670 717 723 supplent
735 676 814 718 est,·
838 669 909 722 qui
936 668 1226 709 coniunctivos
1242 673 1417 722 qemant,
1438 668 1602 720 possint
1619 678 1787 718 omnes„
1811 678 1913 720 quos
1936 677 2050 708 nunc
2076 671 2291 718 recorder,
2318 675 2393 712 sit.-

315 738 387 779 sed
427 749 569 778 nonne
600 739 724 793 longe
752 734 1111 792 ποιητικώτερον
1138 742 1224 784 est,
1270 741 1317 775 ut
1343 732 1620 776 coniunctivis
1652 748 1703 777 ex
1739 735 1951 787 antiquiss.
1983 734 2113 777 Codd.
2148 739 2394 780 auctoritate

309 806 555 858 praelatis‚-
579 807 704 847 etiam
733 804 866 845 haec:
906 811 953 844 ut
976 805 1152 844 'Nudum
1191 805 1359 856 remigio
1396 804 1504 842 latus
1544 808 1634 843 arte
1663 801 1970 857 coniungantur
1999 813 2095 842 cum
2129 817 2169 844 v.
2201 813 2394 858 yemant?

313 874 401 913 Nec
434 874 650 927 quisquam
686 874 770 913 iam
802 872 986 912 offendet
1009 873 1055 911 in
1087 876 1326 925 zeugmate:
1370 871 1481 910 vides
1504 892 1545 899 -
1568 876 1615 910 ut
1634 869 1996 922 yemant.-Callim.
2029 863 2164 922 Apoll.
2193 873 2241 912 lt:
2288 874 2394 930 Οὐχ

313 940 503 996 ὁράᾳς
510 957 527 989 ,·
551 939 789 985 ἐπίνευσεν
815 940 841 984 ὁ
869 939 1043 996 Δήλιος
1069 937 1163 995 ἡδύ
1188 954 1232 981 τι
1258 934 1416 993 φοίνιξ
1438 933 1706 992 Ἐξαπίνης,
1737 937 1762 981 ὁ
1789 934 1840 981 δὲ
1867 936 2034 991 κύκνος
2053 938 2101 980 ἐν
2125 936 2233 993 ἠέρι
2250 941 2393 986 καλὸν

314 1007 469 1052 ἀείδει.
526 1010 706 1049 Carinas
734 1015 874 1049 autem
893 1008 947 1049 de
964 1020 1048 1048 una
1073 1020 1179 1048 nave
1202 1020 1276 1048 suo
1306 1007 1397 1047 iure
1421 1006 1563 1047 dicere
1586 1010 1754 1058 poterat
1778 1004 1822 1047 h.
1839 1008 1892 1054 1.,
1925 1005 1996 1046 ubi
2015 1006 2198 1059 singulas
2224 1010 2392 1051 carinae

314 1082 455 1130 partes
486 1089 510 1116 a
542 1089 669 1130 prora
695 1090 828 1129 usque
855 1076 908 1116 ad
940 1076 1113 1129 puppim
1140 1075 1310 1116 funibus
1334 1072 1563 1127 cingendas
1590 1085 1680 1114 esse
1710 1073 1930 1125 significat.

415 1146 508 1184 lmn.
538 1158 578 1184 v.
608 1145 647 1201 9.
677 1147 837 1196 inteqra
877 1143 1019 1195 lintea]
1054 1144 1216 1183 Rhesus
1248 1156 1288 1182 v.
1294 1141 1409 1182 522.
1440 1140 1587 1182 eadem
1617 1140 1821 1193 imagine.
1864 1139 1982 1197 ἡνίκ’
2020 1137 2222 1208 ἐξώστης
2249 1142 2391 1209 Ἄρης

307 1213 520 1266 ’Έὸραυε
544 1211 695 1264 λαίφη
721 1209 860 1265 τῆσδε
884 1209 973 1267 γῆς
998 1209 1142 1264 μέγας
1166 1208 1328 1253 πνέων.

414 1279 502 1320 OD
530 1279 618 1319 XV.
659 1292 700 1320 v.
726 1279 799 1319 5-
804 1278 851 1321 5,-
884 1278 1021 1320 obrait
1047 1275 1142 1330 otio]
1168 1277 1350 1327 Nereus,
1381 1280 1426 1317 ut
1457 1276 1663 1330 procellas
1692 1276 1735 1318 in
1762 1277 1869 1318 mari
1897 1277 2051 1319 excitat
2080 1278 2199 1332 (Aen.
2231 1278 2270 1328 2,
2298 1280 2388 1320 1219.

311 1344 434 1387 ovid.
460 1345 559 1387 Met.
582 1345 655 1396 12,
687 1346 798 1398 ita),
828 1346 889 1387 sic
920 1346 964 1387 h.
992 1346 1021 1387 l.
1050 1349 1198 1387 ventos
1229 1344 1309 1386 sibi
1336 1343 1547 1385 subiectos
1579 1344 1779 1385 continet.
1814 1367 1856 1374 -
1885 1346 2036 1394 Nerei,
2064 1344 2214 1389 ἁλίοιο
2240 1346 2391 1401 γέρον-

307 1426 406 1467 τος,
432 1412 591 1455 dictum
608 1425 662 1455 ex
681 1414 865 1468 Cyclico‚
895 1419 943 1454 ut
974 1412 1176 1461 arbitror,
1207 1413 1346 1465 aliquo
1376 1414 1501 1464 poeta
1535 1412 1714 1465 petitum
1736 1418 1942 1452 memorat
1973 1413 2094 1453 Pind.
2115 1413 2239 1465 Pyth.
2259 1415 2298 1460 9,
2322 1415 2387 1454 9ει.

312 1505 353 1510 -
384 1482 499 1522 mala
526 1504 568 1510 —
594 1481 674 1534 avi]
700 1480 930 1535 Aeschylus
956 1482 1119 1535 Fragm.
1148 1480 1273 1519 Dind.
1302 1481 1377 1520 88:
1396 1478 1595 1533 ’Όρνιδα
1622 1476 1664 1520 δ’
1690 1478 1747 1522 οὐ
1772 1480 1891 1522 ποιῶ
1909 1481 1971 1522 ’σε
1996 1482 2079 1535 τῆς
2107 1481 2224 1536 ἐμῆς
2249 1478 2374 1524 ὁδοῦ.

412 1551 506 1588 inm.
541 1561 582 1589 v.
618 1549 681 1589 10.
715 1561 843 1589 moves
868 1549 1036 1602 timer-a]
1062 1550 1198 1588 Plaut.
1229 1546 1435 1600 Amphitr.
1472 1548 1517 1594 1,
1554 1547 1862 1594 {stammana
1887 1548 2074 1588 Thebano
2098 1549 2221 1651 poplo
2247 1549 2389 1588 acerba

310 1616 454 1657 obiecit
484 1617 650 1668 funera.

418 1683 513 1725 lau>
554 1696 595 1725 v.
620 1683 690 1726 11
729 1682 913 1738 aegida]
934 1684 1083 1727 Certus
1114 1683 1252 1734 locus,
1295 1682 1369 1725 uhi
1409 1682 1523 1737 aegis
1555 1686 1619 1724 est
1649 1682 1861 1724 Minervae
1892 1683 2074 1737 clipeus,
2117 1689 2251 1723 exstat
2281 1686 2389 1738 apud

313 1754 516 1794 Senecam
543 1751 667 1794 llere.
698 1750 782 1793 fur.
814 1750 905 1794 903.
938 1751 1131 1805 belliqera
1158 1750 1327 1799 Pallas,
1365 1752 1480 1791 cuius
1508 1751 1552 1790 in
1577 1751 1689 1792 laeva
1715 1752 1792 1791 ciet
1811 1750 1934 1804 Aeqis
1953 1751 2106 1804 feroces
2131 1764 2199 1791 ore
2223 1753 2390 1805 saxifico

313 1820 464 1859 minas.
520 1819 736 1872 Plerisque
768 1817 891 1867 vero,
942 1819 1069 1859 etiam
1110 1816 1365 1864 artificibus,
1409 1823 1473 1857 est
1503 1817 1667 1857 thorax.
1723 1819 1865 1870 Eurip.
1898 1820 1986 1857 lon.
2033 1832 2073 1857 v.
2103 1820 2217 1859 1012.
2249 1821 2385 1859 Herm.

310 1887 513 1927 Maximus
540 1888 640 1940 Tyr.
676 1888 747 1935 lli,
777 1887 826 1926 6:
865 1886 1063 1940 Ἀθηνᾶν
1101 1884 1258 1942 αἰγίδα
1296 1884 1634 1941 ἀνεζωσμένην,
1664 1909 1716 1917 -
1747 1909 1789 1915 -
1833 1883 2009 1927 ἀσπίδα
2036 1885 2253 1942 ἔχουσαν.
2304 1887 2384 1928 Csr.

311 1955 520 1993 Minervae
552 1960 732 1994 statuam
757 1956 802 1994 in
820 1957 954 1994 Masei
977 1955 1200 1993 Bor-bonici
1224 1954 1315 1993 Vol.
1340 1954 1408 1993 lV.
1437 1952 1539 1993 '.1'ab
1560 1953 1649 1993 Vll.
1680 1952 2014 2004 Antiquissimam
2032 1953 2190 2007 aegidis
2214 1953 2389 1996 formam

315 2021 488 2071 praebet
518 2022 732 2074 Millingen
766 2022 894 2060 Uned.
923 2021 1033 2061 Mon.
1060 2021 1096 2062 1.
1126 2020 1228 2060 Tab.
1258 2021 1290 2059 1.
1703 2052 1705 2054 .

416 2089 506 2129 lam.
539 2103 580 2129 v.
616 2089 679 2129 1Ιι
726 2090 914 2129 carmina
958 2087 1127 2141 divides]
1167 2087 1298 2129 Huius
1337 2088 1418 2128 loci
1458 2088 1576 2140 quasi
1621 2084 1936 2142 παράφρασιν
1971 2087 2102 2131 hahes
2142 2088 2184 2130 in
2220 2089 2387 2131 Luciani

312 2158 468 2209 lmagg.
497 2158 565 2196 lli:
608 2157 813 2212 εὐκαίρῳ
839 2158 894 2212 τῇ
929 2155 1069 2212 ἄρσει
1094 2156 1175 2199 καὶ
1212 2156 1344 2199 θέσει
1382 2152 1786 2212 διαμεμετρῆσθαι
1820 2154 1870 2201 τὸ
1910 2150 2043 2213 ᾆσμα
2079 2157 2159 2200 καὶ
2188 2155 2389 2213 συνῳδὸν

311 2221 431 2267 εἶναι
447 2237 538 2280 την
564 2223 765 2282 κιθάραν
790 2239 873 2267 και
898 2223 1178 2281 ὁμοχρονεῖν
1204 2223 1256 2279 τῇ
1284 2222 1454 2280 γλώττῃ
1478 2222 1529 2266 τὸ
1555 2224 1801 2280 πλῆκτρον.

416 2294 511 2332 inm.
542 2305 581 2332 v.
612 2295 675 2333 21.
731 2295 903 2334 exitium
930 2299 1024 2333 tuae
1047 2292 1182 2344 Genti]
1209 2292 1350 2344 Eurip.
1380 2292 1529 2331 Troad.
1567 2293 1659 2333 811.
1692 2293 1913 2333 Hercules:
1959 2294 2116 2347 Χερὸς
2143 2295 2385 2351 ευστοχίαν

311 2358 460 2414 ἐξεῖλε
486 2360 629 2410 ναῶν,
654 2358 941 2416 Λαομέδοντι
968 2358 1128 2415 φόνον.
1181 2361 1263 2399 Pro
1296 2360 1428 2399 altera
1453 2359 1550 2399 lect.
1584 2360 1714 2411 qentis
1744 2360 1882 2401 afferri
1916 2361 2072 2413 poterit
2102 2368 2269 2414 praeter
2297 2376 2383 2402 ser-

311 2440 475 2468 monem
511 2429 722 2481 volgarem
743 2429 863 2470 Pind.
897 2428 1023 2482 Pyth.
1052 2428 1096 2476 ἐι,
1126 2427 1226 2467 23οτ
1261 2422 1485 2482 Μήδειαν
1500 2451 1519 2459 -
1536 2451 1554 2459 -
1580 2426 1663 2469 τὰν
1688 2427 1866 2471 Πελίαο
1894 2425 2053 2481 φόνον.

413 2497 506 2535 lam.
537 2508 578 2536 v.
603 2495 669 2536 52.
708 2496 915 2547 pollicitus
943 2495 1052 2547 tuae]
1079 2494 1203 2536 Ovid.
1232 2495 1349 2535 Rem.
1379 2495 1470 2534 Am.
1498 2493 1598 2535 492:
1626 2495 1837 2547 Friqidior
1853 2496 1984 2549 qlacie
2007 2496 2077 2549 fac
2098 2498 2255 2537 videare
2273 2502 2377 2535 tuae.

415 2562 501 2604 OD.
531 2563 641 2604 xvi.
671 2575 711 2603 v.
740 2561 779 2603 6.
834 2562 981 2616 incola]
1007 2562 1070 2604 Ad
1102 2575 1143 2604 v.
1176 2567 1350 2603 mentem
1382 2561 1514 2602 refert
1536 2560 1905 2612 Mitscherlichius3
1932 2568 1975 2604 et
2000 2575 2100 2605 sane
2123 2565 2235 2619 apud
2254 2564 2381 2603 Sene-

315 2640 405 2668 cam
432 2630 536 2671 Med.
565 2631 666 2671 585:
697 2635 899 2682 recepto
930 2631 1095 2671 Maenas
1124 2631 1283 2670 insanit
1316 2629 1389 2669 deo
1405 2644 1418 2676 ‚·
1459 2641 1605 2670 verum
1631 2628 1710 2671 hoc
1740 2632 1865 2684 longe
1895 2632 2031 2673 minus
2061 2633 2263 2673 tumidum
2290 2644 2379 2671 esse

315 2708 488 2750 apparet
512 2700 555 2738 in
585 2702 710 2752 poeta
748 2697 963 2749 ceteroqui
983 2698 1218 2739 luxuriante
1247 2708 1374 2750 quam
1405 2698 1524 2737 deum
1552 2699 1726 2739 incolam
1754 2700 1900 2739 mentis
1925 2699 1967 2739 in
1993 2700 2161 2741 Horatio
2171 2713 2183 2746 ;
2221 2710 2316 2739 nam
2347 2699 2380 2739 si

315 2765 395 2805 Od.
411 2765 451 2814 5,
474 2765 543 2814 10,
576 2767 614 2807 5.
643 2766 869 2821 Aquilones
887 2764 1069 2818 regionis
1095 2765 1430 2818 septentrionalis
1448 2764 1603 2805 incolas
1634 2765 1756 2813 dixit,
1786 2765 1839 2806 ad
1869 2767 2048 2819 spatium
2072 2766 2183 2819 quod
2206 2765 2380 2807 dicimus

312 2844 559 2885 corporeum
577 2834 655 2874 hoc
680 2846 847 2887 quoque
877 2833 1074 2874 refertur.

418 2902 579 2941 lamqv.
604 2902 642 2943 9.
688 2904 839 2943 Tristes
875 2907 923 2942 ut
949 2900 1052 2954 irae]
1091 2901 1335 2943 Melanthius
1361 2903 1406 2942 in
1431 2903 1562 2943 Grotii
1597 2904 1692 2944 Exc.
1725 2916 1766 2956 p.
1796 2904 1893 2945 1⁸59:
1933 2929 1972 2935 ——
2011 2901 2169 2958 Θυμός
2206 2916 2254 2956 γε
2287 2899 2379 2954 μὴν

314 2966 534 3023 Πράσσει
559 2967 614 3010 τὰ
637 2966 762 3013 δεινὰ
788 2968 874 3023 τὰς
902 2968 1080 3024 φρένας
1106 2969 1385 3025 μετοικίσας.

424 3036 512 3077 OD.
533 3036 659 3078 xvii.
684 3050 724 3078 v.
745 3040 783 3079 2.
808 3037 1012 3091 Faunus]
1040 3038 1181 3092 Eurip.
1215 3038 1324 3092 apud
1354 3039 1475 3080 Dion.
1497 3039 1625 3081 Halic.
1651 3041 1704 3082 de
1735 3052 1869 3093 comp.
1904 3053 1945 3093 p.
1977 3039 2067 3080 ²⁸26.
2098 3035 2217 3077 Sch.:
2256 3031 2308 3087 ὅς
2333 3050 2375 3078 τε

313 3105 476 3160 πέτρον
497 3102 726 3159 Ἀρκάδων
751 3103 1062 3163 δυσχείμερον
1086 3104 1241 3159 (Πὰν)
1267 3105 1546 3162 ἐμβατεύεις.
