<?xml version="1.0" encoding="UTF-8"?>
<!DOCTYPE html PUBLIC "-//W3C//DTD XHTML 1.0 Transitional//EN"
    "http://www.w3.org/TR/xhtml1/DTD/xhtml1-transitional.dtd">
<html xmlns="http://www.w3.org/1999/xhtml" xml:lang="en" lang="en">
 <head>
  <title>
</title>
<meta http-equiv="Content-Type" content="text/html;charset=utf-8" />
  <meta name='ocr-system' content='tesseract 3.04.00' />
  <meta name='ocr-capabilities' content='ocr_page ocr_carea ocr_par ocr_line ocrx_word'/>
</head>
<body>
  <div class='ocr_page' id='page_1' title='image "4767254_0035.png"; bbox 0 0 2832 3448; ppageno 0'>
   <div class='ocr_carea' id='block_1_1' title="bbox 1215 157 1539 207">
    <p class='ocr_par' dir='ltr' id='par_1_1' title="bbox 1215 157 1539 207">
     <span class='ocr_line' id='line_1_1' title="bbox 1215 157 1539 207; baseline 0 -13"><span class='ocrx_word' id='word_1_1' title='bbox 1215 157 1539 207; x_wconf 70' lang='lat'><strong>-27-</strong></span> 
     </span>
    </p>
   </div>
   <div class='ocr_carea' id='block_1_2' title="bbox 342 273 2409 529">
    <p class='ocr_par' dir='ltr' id='par_1_2' title="bbox 342 273 2409 529">
     <span class='ocr_line' id='line_1_2' title="bbox 447 273 2405 328; baseline 0.001 -14"><span class='ocrx_word' id='word_1_2' title='bbox 447 273 600 315; x_wconf 83' lang='lat' dir='ltr'><strong>EPOD.</strong></span> <span class='ocrx_word' id='word_1_3' title='bbox 628 274 755 315; x_wconf 84' lang='lat' dir='ltr'><strong>xvu.</strong></span> <span class='ocrx_word' id='word_1_4' title='bbox 784 284 824 313; x_wconf 72' lang='lat' dir='ltr'><strong>V.</strong></span> <span class='ocrx_word' id='word_1_5' title='bbox 857 274 922 313; x_wconf 72' lang='lat' dir='ltr'><strong>lt2.</strong></span> <span class='ocrx_word' id='word_1_6' title='bbox 958 275 1137 315; x_wconf 75' lang='lat' dir='ltr'><strong>Helenae</strong></span> <span class='ocrx_word' id='word_1_7' title='bbox 1164 273 1310 313; x_wconf 72' lang='lat' dir='ltr'><strong>Castor</strong></span> <span class='ocrx_word' id='word_1_8' title='bbox 1333 274 1510 328; x_wconf 76' lang='lat' dir='ltr'><strong>offensus</strong></span> <span class='ocrx_word' id='word_1_9' title='bbox 1539 274 1674 326; x_wconf 70' lang='lat' dir='ltr'><strong>vicem]</strong></span> <span class='ocrx_word' id='word_1_10' title='bbox 1704 275 1912 328; x_wconf 77' lang='lat' dir='ltr'><strong>Exemplis</strong></span> <span class='ocrx_word' id='word_1_11' title='bbox 1942 274 2201 328; x_wconf 78' lang='lat' dir='ltr'><strong>Zumptianis</strong></span> <span class='ocrx_word' id='word_1_12' title='bbox 2225 275 2405 316; x_wconf 79' lang='lat' dir='ltr'><strong>Gramm.</strong></span> 
     </span>
     <span class='ocr_line' id='line_1_3' title="bbox 345 340 2408 395; baseline 0 -13"><span class='ocrx_word' id='word_1_13' title='bbox 345 345 380 394; x_wconf 74' lang='lat' dir='ltr'><strong>S.</strong></span> <span class='ocrx_word' id='word_1_14' title='bbox 409 341 500 382; x_wconf 67' lang='lat'><strong>1255.</strong></span> <span class='ocrx_word' id='word_1_15' title='bbox 529 341 636 384; x_wconf 87' lang='lat' dir='ltr'><strong>adde</strong></span> <span class='ocrx_word' id='word_1_16' title='bbox 668 343 803 382; x_wconf 88' lang='lat' dir='ltr'><strong>Plaut.</strong></span> <span class='ocrx_word' id='word_1_17' title='bbox 834 342 1000 383; x_wconf 86' lang='lat' dir='ltr'><strong>Trucul.</strong></span> <span class='ocrx_word' id='word_1_18' title='bbox 1032 341 1126 381; x_wconf 72' lang='lat'><strong>133:</strong></span> <span class='ocrx_word' id='word_1_19' title='bbox 1161 340 1274 392; x_wconf 81' lang='lat' dir='ltr'><strong>Quae</strong></span> <span class='ocrx_word' id='word_1_20' title='bbox 1298 343 1342 381; x_wconf 76' lang='lat' dir='ltr'><strong>in</strong></span> <span class='ocrx_word' id='word_1_21' title='bbox 1362 354 1436 382; x_wconf 80' lang='lat' dir='ltr'><strong>nos</strong></span> <span class='ocrx_word' id='word_1_22' title='bbox 1458 343 1649 395; x_wconf 82' lang='lat' dir='ltr'><strong>illosque,</strong></span> <span class='ocrx_word' id='word_1_23' title='bbox 1690 355 1737 381; x_wconf 84' lang='lat' dir='ltr'><strong>ea</strong></span> <span class='ocrx_word' id='word_1_24' title='bbox 1758 344 1897 382; x_wconf 80' lang='lat' dir='ltr'><strong>omnia</strong></span> <span class='ocrx_word' id='word_1_25' title='bbox 1931 343 2007 383; x_wconf 78' lang='lat' dir='ltr'><strong>tibi</strong></span> <span class='ocrx_word' id='word_1_26' title='bbox 2028 341 2408 392; x_wconf 15' lang='lat' dir='ltr'><strong>dieiQVDinar-ehe,</strong></span> 
     </span>
     <span class='ocr_line' id='line_1_4' title="bbox 344 409 2409 462; baseline 0.001 -13"><span class='ocrx_word' id='word_1_27' title='bbox 344 411 397 450; x_wconf 83' lang='lat' dir='ltr'><strong>Et</strong></span> <span class='ocrx_word' id='word_1_28' title='bbox 419 416 601 451; x_wconf 80' lang='lat' dir='ltr'><strong>nostram</strong></span> <span class='ocrx_word' id='word_1_29' title='bbox 641 415 679 450; x_wconf 79' lang='lat' dir='ltr'><strong>et</strong></span> <span class='ocrx_word' id='word_1_30' title='bbox 707 409 875 450; x_wconf 78' lang='lat' dir='ltr'><strong>illorum</strong></span> <span class='ocrx_word' id='word_1_31' title='bbox 913 411 1049 456; x_wconf 72' lang='lat' dir='ltr'><strong>vicem.</strong></span> <span class='ocrx_word' id='word_1_32' title='bbox 1102 409 1232 450; x_wconf 83' lang='lat' dir='ltr'>Tacit.</span> <span class='ocrx_word' id='word_1_33' title='bbox 1269 410 1371 451; x_wconf 80' lang='lat' dir='ltr'><strong>nist.</strong></span> <span class='ocrx_word' id='word_1_34' title='bbox 1419 411 1464 458; x_wconf 91' lang='grc'><strong>1,</strong></span> <span class='ocrx_word' id='word_1_35' title='bbox 1498 410 1571 450; x_wconf 82' lang='grc'><strong>29;</strong></span> <span class='ocrx_word' id='word_1_36' title='bbox 1613 411 1779 461; x_wconf 78' lang='lat' dir='ltr'><strong>imperii</strong></span> <span class='ocrx_word' id='word_1_37' title='bbox 1806 412 1931 453; x_wconf 82' lang='lat' dir='ltr'><strong>vicem</strong></span> <span class='ocrx_word' id='word_1_38' title='bbox 1964 412 2098 459; x_wconf 74' lang='lat' dir='ltr'><strong>doleo.</strong></span> <span class='ocrx_word' id='word_1_39' title='bbox 2162 409 2409 462; x_wconf 79' lang='lat' dir='ltr'>Bernhardy</span> 
     </span>
     <span class='ocr_line' id='line_1_5' title="bbox 342 474 1159 529; baseline -0.002 -11"><span class='ocrx_word' id='word_1_40' title='bbox 342 477 534 519; x_wconf 82' lang='lat' dir='ltr'><strong>vitiosum</strong></span> <span class='ocrx_word' id='word_1_41' title='bbox 559 475 664 518; x_wconf 89' lang='lat' dir='ltr'><strong>illud</strong></span> <span class='ocrx_word' id='word_1_42' title='bbox 686 476 765 517; x_wconf 79' lang='lat' dir='ltr'><strong>vice</strong></span> <span class='ocrx_word' id='word_1_43' title='bbox 798 476 934 519; x_wconf 81' lang='lat' dir='ltr'><strong>adhue</strong></span> <span class='ocrx_word' id='word_1_44' title='bbox 960 474 1159 529; x_wconf 80' lang='lat' dir='ltr'><strong>praefert.</strong></span> 
     </span>
    </p>
   </div>
   <div class='ocr_carea' id='block_1_3' title="bbox 343 559 2409 683">
    <p class='ocr_par' dir='ltr' id='par_1_3' title="bbox 343 559 2409 683">
     <span class='ocr_line' id='line_1_6' title="bbox 445 559 2409 615; baseline 0 -12"><span class='ocrx_word' id='word_1_45' title='bbox 445 562 554 603; x_wconf 86' lang='lat' dir='ltr'><strong>SAT.</strong></span> <span class='ocrx_word' id='word_1_46' title='bbox 586 560 682 601; x_wconf 81' lang='grc' dir='ltr'><strong>ΠΒ.</strong></span> <span class='ocrx_word' id='word_1_47' title='bbox 707 561 738 601; x_wconf 91' lang='lat'><strong>1.</strong></span> <span class='ocrx_word' id='word_1_48' title='bbox 775 561 886 602; x_wconf 87' lang='lat' dir='ltr'><strong>SAT.</strong></span> <span class='ocrx_word' id='word_1_49' title='bbox 908 562 941 600; x_wconf 88' lang='lat'><strong>1.</strong></span> <span class='ocrx_word' id='word_1_50' title='bbox 983 572 1023 600; x_wconf 90' lang='lat' dir='ltr'><strong>v.</strong></span> <span class='ocrx_word' id='word_1_51' title='bbox 1056 559 1118 600; x_wconf 71' lang='lat'><strong>15.</strong></span> <span class='ocrx_word' id='word_1_52' title='bbox 1165 561 1212 601; x_wconf 83' lang='lat' dir='ltr'><strong>Si</strong></span> <span class='ocrx_word' id='word_1_53' title='bbox 1241 563 1333 615; x_wconf 80' lang='lat' dir='ltr'><strong>quis</strong></span> <span class='ocrx_word' id='word_1_54' title='bbox 1358 559 1472 612; x_wconf 68' lang='lat' dir='ltr'><strong>deus]</strong></span> <span class='ocrx_word' id='word_1_55' title='bbox 1510 560 1594 601; x_wconf 86' lang='lat' dir='ltr'><strong>Sat.</strong></span> <span class='ocrx_word' id='word_1_56' title='bbox 1629 561 1677 609; x_wconf 87' lang='lat'><strong>2,</strong></span> <span class='ocrx_word' id='word_1_57' title='bbox 1707 560 1752 609; x_wconf 91' lang='grc'><strong>7,</strong></span> <span class='ocrx_word' id='word_1_58' title='bbox 1785 560 1858 599; x_wconf 63' lang='lat'><strong>24:</strong></span> <span class='ocrx_word' id='word_1_59' title='bbox 1905 561 1951 600; x_wconf 83' lang='lat' dir='ltr'><strong>Si</strong></span> <span class='ocrx_word' id='word_1_60' title='bbox 1981 563 2071 613; x_wconf 74' lang='lat' dir='ltr'><strong>quis</strong></span> <span class='ocrx_word' id='word_1_61' title='bbox 2104 563 2160 603; x_wconf 80' lang='lat' dir='ltr'><strong>ad</strong></span> <span class='ocrx_word' id='word_1_62' title='bbox 2199 562 2279 602; x_wconf 77' lang='lat' dir='ltr'><strong>illa</strong></span> <span class='ocrx_word' id='word_1_63' title='bbox 2307 562 2409 602; x_wconf 68' lang='lat' dir='ltr'><strong>deus</strong></span> 
     </span>
     <span class='ocr_line' id='line_1_7' title="bbox 343 626 2369 683; baseline 0 -13"><span class='ocrx_word' id='word_1_64' title='bbox 343 630 474 671; x_wconf 81' lang='lat' dir='ltr'><strong>subito</strong></span> <span class='ocrx_word' id='word_1_65' title='bbox 497 635 534 669; x_wconf 77' lang='lat' dir='ltr'><strong>te</strong></span> <span class='ocrx_word' id='word_1_66' title='bbox 560 633 657 680; x_wconf 76' lang='lat' dir='ltr'><strong>aqat</strong></span> <span class='ocrx_word' id='word_1_67' title='bbox 670 659 682 675; x_wconf 88' lang='lat'><em>‚</em></span> <span class='ocrx_word' id='word_1_68' title='bbox 716 640 840 683; x_wconf 77' lang='lat' dir='ltr'><strong>usque</strong></span> <span class='ocrx_word' id='word_1_69' title='bbox 861 640 1039 669; x_wconf 76' lang='lat' dir='ltr'><strong>recuses.-</strong></span> <span class='ocrx_word' id='word_1_70' title='bbox 1067 627 1214 669; x_wconf 87' lang='lat' dir='ltr'><strong>eadem</strong></span> <span class='ocrx_word' id='word_1_71' title='bbox 1244 627 1583 674; x_wconf 80' lang='lat' dir='ltr'><strong>construetione3</strong></span> <span class='ocrx_word' id='word_1_72' title='bbox 1610 627 1723 668; x_wconf 89' lang='lat' dir='ltr'><strong>unde</strong></span> <span class='ocrx_word' id='word_1_73' title='bbox 1752 626 1824 667; x_wconf 87' lang='lat' dir='ltr'><strong>hic</strong></span> <span class='ocrx_word' id='word_1_74' title='bbox 1854 626 2044 668; x_wconf 85' lang='lat' dir='ltr'><strong>firmatur</strong></span> <span class='ocrx_word' id='word_1_75' title='bbox 2066 630 2192 670; x_wconf 87' lang='lat' dir='ltr'><strong>lectio</strong></span> <span class='ocrx_word' id='word_1_76' title='bbox 2220 629 2369 671; x_wconf 74' lang='lat' dir='ltr'><strong>nolint.</strong></span> 
     </span>
    </p>
   </div>
   <div class='ocr_carea' id='block_1_4' title="bbox 345 707 2407 830">
    <p class='ocr_par' dir='ltr' id='par_1_4' title="bbox 345 707 2407 830">
     <span class='ocr_line' id='line_1_8' title="bbox 446 707 2407 762; baseline 0.001 -12"><span class='ocrx_word' id='word_1_77' title='bbox 446 711 541 750; x_wconf 70' lang='lat' dir='ltr'><strong>lum.</strong></span> <span class='ocrx_word' id='word_1_78' title='bbox 584 721 623 749; x_wconf 85' lang='lat' dir='ltr'><strong>v.</strong></span> <span class='ocrx_word' id='word_1_79' title='bbox 650 709 714 750; x_wconf 87' lang='lat'><strong>29.</strong></span> <span class='ocrx_word' id='word_1_80' title='bbox 756 708 946 760; x_wconf 72' lang='lat' dir='ltr'><strong>Perfidus</strong></span> <span class='ocrx_word' id='word_1_81' title='bbox 980 709 1046 749; x_wconf 80' lang='lat' dir='ltr'><strong>hic</strong></span> <span class='ocrx_word' id='word_1_82' title='bbox 1071 709 1216 762; x_wconf 82' lang='lat' dir='ltr'><strong>caupo]</strong></span> <span class='ocrx_word' id='word_1_83' title='bbox 1255 710 1474 762; x_wconf 81' lang='lat' dir='ltr'><strong>caupones</strong></span> <span class='ocrx_word' id='word_1_84' title='bbox 1504 719 1600 748; x_wconf 85' lang='lat' dir='ltr'><strong>cum</strong></span> <span class='ocrx_word' id='word_1_85' title='bbox 1630 707 1793 749; x_wconf 80' lang='lat' dir='ltr'><strong>furibus</strong></span> <span class='ocrx_word' id='word_1_86' title='bbox 1824 713 1868 749; x_wconf 88' lang='lat' dir='ltr'><strong>et</strong></span> <span class='ocrx_word' id='word_1_87' title='bbox 1896 707 2085 762; x_wconf 79' lang='lat' dir='ltr'><strong>fugitivis</strong></span> <span class='ocrx_word' id='word_1_88' title='bbox 2118 710 2407 752; x_wconf 76' lang='lat' dir='ltr'><strong>consociantur</strong></span> 
     </span>
     <span class='ocr_line' id='line_1_9' title="bbox 345 776 864 830; baseline -0.004 -12"><span class='ocrx_word' id='word_1_89' title='bbox 345 777 457 830; x_wconf 87' lang='lat' dir='ltr'><strong>apud</strong></span> <span class='ocrx_word' id='word_1_90' title='bbox 486 777 666 817; x_wconf 86' lang='lat' dir='ltr'><strong>luvenal.</strong></span> <span class='ocrx_word' id='word_1_91' title='bbox 694 778 745 826; x_wconf 90' lang='lat'><strong>8,</strong></span> <span class='ocrx_word' id='word_1_92' title='bbox 775 776 864 816; x_wconf 61' lang='lat'><strong>174.</strong></span> 
     </span>
    </p>
   </div>
   <div class='ocr_carea' id='block_1_5' title="bbox 345 854 2408 1045">
    <p class='ocr_par' dir='ltr' id='par_1_5' title="bbox 345 854 2408 1045">
     <span class='ocr_line' id='line_1_10' title="bbox 446 854 2408 910; baseline 0.001 -13"><span class='ocrx_word' id='word_1_93' title='bbox 446 858 537 898; x_wconf 71' lang='lat' dir='ltr'><strong>Iam.</strong></span> <span class='ocrx_word' id='word_1_94' title='bbox 566 870 605 897; x_wconf 90' lang='lat' dir='ltr'><strong>v.</strong></span> <span class='ocrx_word' id='word_1_95' title='bbox 638 858 703 897; x_wconf 92' lang='grc'><strong>51.</strong></span> <span class='ocrx_word' id='word_1_96' title='bbox 740 868 851 897; x_wconf 78' lang='lat' dir='ltr'><strong>senes</strong></span> <span class='ocrx_word' id='word_1_97' title='bbox 870 857 979 896; x_wconf 80' lang='lat' dir='ltr'><strong>utin</strong></span> <span class='ocrx_word' id='word_1_98' title='bbox 998 858 1082 897; x_wconf 78' lang='lat' dir='ltr'><strong>otia</strong></span> <span class='ocrx_word' id='word_1_99' title='bbox 1113 862 1200 897; x_wconf 82' lang='lat' dir='ltr'><strong>tuta</strong></span> <span class='ocrx_word' id='word_1_100' title='bbox 1226 854 1429 908; x_wconf 79' lang='lat' dir='ltr'><strong><em>recedant]</em></strong></span> <span class='ocrx_word' id='word_1_101' title='bbox 1455 855 1613 896; x_wconf 81' lang='lat' dir='ltr'><strong>Seneca</strong></span> <span class='ocrx_word' id='word_1_102' title='bbox 1640 854 1694 896; x_wconf 90' lang='lat' dir='ltr'><strong>de</strong></span> <span class='ocrx_word' id='word_1_103' title='bbox 1725 855 1847 896; x_wconf 87' lang='lat' dir='ltr'><strong>Brev.</strong></span> <span class='ocrx_word' id='word_1_104' title='bbox 1875 867 1916 895; x_wconf 87' lang='lat' dir='ltr'><strong>v.</strong></span> <span class='ocrx_word' id='word_1_105' title='bbox 1947 856 1993 895; x_wconf 63' lang='lat'><strong>14:</strong></span> <span class='ocrx_word' id='word_1_106' title='bbox 2022 856 2177 897; x_wconf 75' lang='lat' dir='ltr'><strong>Audies</strong></span> <span class='ocrx_word' id='word_1_107' title='bbox 2197 857 2408 910; x_wconf 70' lang='lat' dir='ltr'><strong>plerosque</strong></span> 
     </span>
     <span class='ocr_line' id='line_1_11' title="bbox 345 923 2407 979; baseline -0.001 -13"><span class='ocrx_word' id='word_1_108' title='bbox 345 927 538 966; x_wconf 78' lang='lat' dir='ltr'><strong>dicentes.-</strong></span> <span class='ocrx_word' id='word_1_109' title='bbox 585 926 663 973; x_wconf 84' lang='lat' dir='ltr'><strong>„A</strong></span> <span class='ocrx_word' id='word_1_110' title='bbox 698 926 1028 979; x_wconf 65' lang='lat' dir='ltr'><strong>quinquagesimo</strong></span> <span class='ocrx_word' id='word_1_111' title='bbox 1057 926 1103 966; x_wconf 77' lang='lat' dir='ltr'><strong>in</strong></span> <span class='ocrx_word' id='word_1_112' title='bbox 1125 925 1254 965; x_wconf 79' lang='lat' dir='ltr'><strong>otium</strong></span> <span class='ocrx_word' id='word_1_113' title='bbox 1277 924 1480 971; x_wconf 78' lang='lat' dir='ltr'><strong>secedam,</strong></span> <span class='ocrx_word' id='word_1_114' title='bbox 1524 924 1797 976; x_wconf 64' lang='lat' dir='ltr'><strong>sexagesimus</strong></span> <span class='ocrx_word' id='word_1_115' title='bbox 1824 935 1960 964; x_wconf 75' lang='lat' dir='ltr'><strong>annus</strong></span> <span class='ocrx_word' id='word_1_116' title='bbox 1991 924 2048 963; x_wconf 83' lang='lat' dir='ltr'><strong>ab</strong></span> <span class='ocrx_word' id='word_1_117' title='bbox 2074 923 2227 977; x_wconf 76' lang='lat' dir='ltr'><strong>officiis</strong></span> <span class='ocrx_word' id='word_1_118' title='bbox 2251 937 2315 965; x_wconf 82' lang='lat' dir='ltr'><strong>me</strong></span> <span class='ocrx_word' id='word_1_119' title='bbox 2340 925 2407 965; x_wconf 81' lang='lat' dir='ltr'><strong>di-</strong></span> 
     </span>
     <span class='ocr_line' id='line_1_12' title="bbox 345 991 1996 1045; baseline -0.001 -13"><span class='ocrx_word' id='word_1_120' title='bbox 345 994 511 1034; x_wconf 79' lang='lat' dir='ltr'><strong>mittet.&#39;’</strong></span> <span class='ocrx_word' id='word_1_121' title='bbox 563 994 613 1033; x_wconf 88' lang='lat' dir='ltr'><strong>Et</strong></span> <span class='ocrx_word' id='word_1_122' title='bbox 639 992 829 1034; x_wconf 87' lang='lat' dir='ltr'><strong>similiter</strong></span> <span class='ocrx_word' id='word_1_123' title='bbox 852 993 1030 1045; x_wconf 78' lang='lat' dir='ltr'>Epicteti</span> <span class='ocrx_word' id='word_1_124' title='bbox 1060 992 1180 1034; x_wconf 85' lang='lat' dir='ltr'><strong>exsul</strong></span> <span class='ocrx_word' id='word_1_125' title='bbox 1210 991 1322 1045; x_wconf 85' lang='lat' dir='ltr'><strong>apud</strong></span> <span class='ocrx_word' id='word_1_126' title='bbox 1347 991 1513 1033; x_wconf 86' lang='lat' dir='ltr'><strong>Arrian.</strong></span> <span class='ocrx_word' id='word_1_127' title='bbox 1547 991 1592 1040; x_wconf 90' lang='grc'><strong>1,</strong></span> <span class='ocrx_word' id='word_1_128' title='bbox 1620 991 1691 1040; x_wconf 88' lang='grc'><strong>10,</strong></span> <span class='ocrx_word' id='word_1_129' title='bbox 1716 991 1756 1032; x_wconf 88' lang='grc'><strong>2.</strong></span> <span class='ocrx_word' id='word_1_130' title='bbox 1988 994 1996 1000; x_wconf 95' lang='grc'><strong><em>’</em></strong></span> 
     </span>
    </p>
   </div>
   <div class='ocr_carea' id='block_1_6' title="bbox 340 1071 2412 1196">
    <p class='ocr_par' dir='ltr' id='par_1_6' title="bbox 340 1071 2412 1196">
     <span class='ocr_line' id='line_1_13' title="bbox 442 1071 2412 1125; baseline 0.002 -13"><span class='ocrx_word' id='word_1_131' title='bbox 442 1074 534 1113; x_wconf 81' lang='lat' dir='ltr'><strong>lmn.</strong></span> <span class='ocrx_word' id='word_1_132' title='bbox 567 1086 608 1114; x_wconf 90' lang='lat' dir='ltr'><strong>v.</strong></span> <span class='ocrx_word' id='word_1_133' title='bbox 633 1072 698 1113; x_wconf 82' lang='lat'><strong>55.</strong></span> <span class='ocrx_word' id='word_1_134' title='bbox 744 1073 926 1113; x_wconf 68' lang='lat' dir='ltr'><strong>Parvula</strong></span> <span class='ocrx_word' id='word_1_135' title='bbox 949 1096 990 1103; x_wconf 89' lang='lat'><em>-</em></span> <span class='ocrx_word' id='word_1_136' title='bbox 1017 1096 1059 1102; x_wconf 94' lang='lat'>—</span> <span class='ocrx_word' id='word_1_137' title='bbox 1080 1072 1272 1125; x_wconf 78' lang='lat' dir='ltr'><strong><em>formica]</em></strong></span> <span class='ocrx_word' id='word_1_138' title='bbox 1314 1073 1435 1113; x_wconf 84' lang='lat' dir='ltr'><strong>Iuvat</strong></span> <span class='ocrx_word' id='word_1_139' title='bbox 1460 1071 1533 1113; x_wconf 87' lang='lat' dir='ltr'><strong>hic</strong></span> <span class='ocrx_word' id='word_1_140' title='bbox 1565 1083 1733 1124; x_wconf 78' lang='lat' dir='ltr'><strong>quoque</strong></span> <span class='ocrx_word' id='word_1_141' title='bbox 1764 1072 1914 1113; x_wconf 82' lang='lat' dir='ltr'><strong>afferre</strong></span> <span class='ocrx_word' id='word_1_142' title='bbox 1945 1072 2040 1112; x_wconf 86' lang='lat' dir='ltr'><strong>Iulii</strong></span> <span class='ocrx_word' id='word_1_143' title='bbox 2070 1073 2258 1115; x_wconf 75' lang='lat' dir='ltr'>Caesaris</span> <span class='ocrx_word' id='word_1_144' title='bbox 2283 1074 2412 1114; x_wconf 85' lang='lat' dir='ltr'><strong>Scali-</strong></span> 
     </span>
     <span class='ocr_line' id='line_1_14' title="bbox 340 1140 2409 1196; baseline -0 -14"><span class='ocrx_word' id='word_1_145' title='bbox 340 1142 429 1196; x_wconf 84' lang='lat' dir='ltr'><strong>geri</strong></span> <span class='ocrx_word' id='word_1_146' title='bbox 455 1153 698 1195; x_wconf 88' lang='lat' dir='ltr'><strong>perversum</strong></span> <span class='ocrx_word' id='word_1_147' title='bbox 727 1140 941 1182; x_wconf 87' lang='lat' dir='ltr'><strong>iudicium.</strong></span> <span class='ocrx_word' id='word_1_148' title='bbox 995 1142 1112 1183; x_wconf 70' lang='lat' dir='ltr'><strong>Poet.</strong></span> <span class='ocrx_word' id='word_1_149' title='bbox 1145 1142 1191 1182; x_wconf 91' lang='lat' dir='ltr'><strong>L.</strong></span> <span class='ocrx_word' id='word_1_150' title='bbox 1224 1140 1263 1182; x_wconf 84' lang='lat'><strong>6.</strong></span> <span class='ocrx_word' id='word_1_151' title='bbox 1292 1153 1334 1194; x_wconf 88' lang='lat' dir='ltr'><strong>p.</strong></span> <span class='ocrx_word' id='word_1_152' title='bbox 1362 1140 1464 1183; x_wconf 77' lang='lat'>875:</span> <span class='ocrx_word' id='word_1_153' title='bbox 1505 1140 1649 1182; x_wconf 78' lang='lat' dir='ltr'><strong>Multis</strong></span> <span class='ocrx_word' id='word_1_154' title='bbox 1679 1140 1803 1181; x_wconf 81' lang='lat' dir='ltr'><strong>etiam</strong></span> <span class='ocrx_word' id='word_1_155' title='bbox 1832 1140 1932 1181; x_wconf 78' lang='lat' dir='ltr'><strong>locis</strong></span> <span class='ocrx_word' id='word_1_156' title='bbox 1970 1140 2180 1182; x_wconf 74' lang='lat' dir='ltr'><strong><em>astrictior</em></strong></span> <span class='ocrx_word' id='word_1_157' title='bbox 2208 1146 2247 1182; x_wconf 78' lang='lat' dir='ltr'><strong>et</strong></span> <span class='ocrx_word' id='word_1_158' title='bbox 2283 1143 2409 1183; x_wconf 71' lang='lat' dir='ltr'><strong>easti-</strong></span> 
     </span>
    </p>
   </div>
   <div class='ocr_carea' id='block_1_7' title="bbox 257 1208 2412 1264">
    <p class='ocr_par' dir='ltr' id='par_1_7' title="bbox 257 1208 2412 1264">
     <span class='ocr_line' id='line_1_15' title="bbox 257 1208 2412 1264; baseline 0 -14"><span class='ocrx_word' id='word_1_159' title='bbox 257 1223 268 1238; x_wconf 92' lang='lat'><strong>·</strong></span> <span class='ocrx_word' id='word_1_160' title='bbox 340 1210 472 1264; x_wconf 75' lang='lat' dir='ltr'><strong>yatior</strong></span> <span class='ocrx_word' id='word_1_161' title='bbox 492 1209 702 1250; x_wconf 78' lang='lat' dir='ltr'><strong>Iuvenalis</strong></span> <span class='ocrx_word' id='word_1_162' title='bbox 726 1214 807 1250; x_wconf 78' lang='lat' dir='ltr'><strong>est.-</strong></span> <span class='ocrx_word' id='word_1_163' title='bbox 837 1210 958 1250; x_wconf 71' lang='lat' dir='ltr'><strong>veluti</strong></span> <span class='ocrx_word' id='word_1_164' title='bbox 986 1209 1033 1250; x_wconf 78' lang='lat' dir='ltr'><strong>de</strong></span> <span class='ocrx_word' id='word_1_165' title='bbox 1060 1208 1238 1262; x_wconf 72' lang='lat' dir='ltr'><strong>fonnica</strong></span> <span class='ocrx_word' id='word_1_166' title='bbox 1268 1210 1314 1249; x_wconf 82' lang='lat' dir='ltr'><strong>in</strong></span> <span class='ocrx_word' id='word_1_167' title='bbox 1340 1214 1475 1250; x_wconf 72' lang='lat' dir='ltr'><strong>sexta.-</strong></span> <span class='ocrx_word' id='word_1_168' title='bbox 1508 1213 1649 1249; x_wconf 85' lang='lat' dir='ltr'><strong>tamen</strong></span> <span class='ocrx_word' id='word_1_169' title='bbox 1672 1208 1776 1249; x_wconf 81' lang='lat' dir='ltr'><strong>utile</strong></span> <span class='ocrx_word' id='word_1_170' title='bbox 1807 1208 1919 1261; x_wconf 89' lang='lat' dir='ltr'><strong>quod</strong></span> <span class='ocrx_word' id='word_1_171' title='bbox 1945 1209 2019 1258; x_wconf 87' lang='lat' dir='ltr'><strong>sit,</strong></span> <span class='ocrx_word' id='word_1_172' title='bbox 2046 1209 2315 1263; x_wconf 80' lang='lat' dir='ltr'><strong>Prospiciunt</strong></span> <span class='ocrx_word' id='word_1_173' title='bbox 2335 1211 2412 1250; x_wconf 86' lang='lat' dir='ltr'><strong>ali-</strong></span> 
     </span>
    </p>
   </div>
   <div class='ocr_carea' id='block_1_8' title="bbox 338 1274 2408 1389">
    <p class='ocr_par' dir='ltr' id='par_1_8' title="bbox 338 1274 2408 1389">
     <span class='ocr_line' id='line_1_16' title="bbox 341 1274 2408 1331; baseline -0.001 -13"><span class='ocrx_word' id='word_1_174' title='bbox 341 1275 506 1329; x_wconf 85' lang='lat' dir='ltr'><strong>quando</strong></span> <span class='ocrx_word' id='word_1_175' title='bbox 541 1275 642 1324; x_wconf 88' lang='lat' dir='ltr'><strong>viri,</strong></span> <span class='ocrx_word' id='word_1_176' title='bbox 687 1274 901 1329; x_wconf 80' lang='lat' dir='ltr'><strong>frigusque</strong></span> <span class='ocrx_word' id='word_1_177' title='bbox 940 1274 1177 1328; x_wconf 75' lang='lat' dir='ltr'><strong>famemque</strong></span> <span class='ocrx_word' id='word_1_178' title='bbox 1212 1275 1399 1316; x_wconf 80' lang='lat' dir='ltr'>Formica</span> <span class='ocrx_word' id='word_1_179' title='bbox 1437 1274 1605 1316; x_wconf 84' lang='lat' dir='ltr'><strong>tandem</strong></span> <span class='ocrx_word' id='word_1_180' title='bbox 1634 1274 1806 1328; x_wconf 86' lang='lat' dir='ltr'><strong>quidam</strong></span> <span class='ocrx_word' id='word_1_181' title='bbox 1844 1286 2053 1329; x_wconf 86' lang='lat' dir='ltr'><strong>expavere</strong></span> <span class='ocrx_word' id='word_1_182' title='bbox 2085 1277 2297 1331; x_wconf 76' lang='lat' dir='ltr'><strong>magistra.</strong></span> <span class='ocrx_word' id='word_1_183' title='bbox 2353 1278 2408 1324; x_wconf 61' lang='lat' dir='ltr'><strong>Aa</strong></span> 
     </span>
     <span class='ocr_line' id='line_1_17' title="bbox 338 1342 1583 1389; baseline -0.002 -3"><span class='ocrx_word' id='word_1_184' title='bbox 338 1344 536 1386; x_wconf 76' lang='lat' dir='ltr'><strong><em>Horatius</em></strong></span> <span class='ocrx_word' id='word_1_185' title='bbox 556 1344 685 1385; x_wconf 82' lang='lat' dir='ltr'><strong>multo</strong></span> <span class='ocrx_word' id='word_1_186' title='bbox 711 1348 845 1385; x_wconf 81' lang='lat' dir='ltr'><strong>tractu</strong></span> <span class='ocrx_word' id='word_1_187' title='bbox 871 1344 1091 1389; x_wconf 73' lang='lat' dir='ltr'><strong>orationis:</strong></span> <span class='ocrx_word' id='word_1_188' title='bbox 1117 1344 1296 1385; x_wconf 81' lang='lat' dir='ltr'><strong>Parvula</strong></span> <span class='ocrx_word' id='word_1_189' title='bbox 1319 1366 1339 1373; x_wconf 97' lang='lat'><em>-</em></span> <span class='ocrx_word' id='word_1_190' title='bbox 1355 1364 1377 1373; x_wconf 91' lang='lat'>-</span> <span class='ocrx_word' id='word_1_191' title='bbox 1396 1365 1417 1373; x_wconf 93' lang='lat'><em>-</em></span> <span class='ocrx_word' id='word_1_192' title='bbox 1439 1342 1583 1383; x_wconf 84' lang='lat' dir='ltr'><strong>futuri.</strong></span> 
     </span>
    </p>
   </div>
   <div class='ocr_carea' id='block_1_9' title="bbox 337 1423 2412 3034">
    <p class='ocr_par' dir='ltr' id='par_1_9' title="bbox 338 1423 2406 1548">
     <span class='ocr_line' id='line_1_18' title="bbox 446 1423 2406 1478; baseline 0.001 -13"><span class='ocrx_word' id='word_1_193' title='bbox 446 1426 540 1465; x_wconf 83' lang='lat' dir='ltr'><strong>lmo.</strong></span> <span class='ocrx_word' id='word_1_194' title='bbox 581 1435 620 1465; x_wconf 91' lang='lat' dir='ltr'><strong>v.</strong></span> <span class='ocrx_word' id='word_1_195' title='bbox 651 1423 716 1465; x_wconf 87' lang='grc'><strong>58.</strong></span> <span class='ocrx_word' id='word_1_196' title='bbox 763 1423 866 1464; x_wconf 84' lang='lat' dir='ltr'><strong>Cum</strong></span> <span class='ocrx_word' id='word_1_197' title='bbox 888 1428 924 1464; x_wconf 81' lang='lat' dir='ltr'><strong>te</strong></span> <span class='ocrx_word' id='word_1_198' title='bbox 943 1434 1069 1476; x_wconf 76' lang='lat' dir='ltr'><strong>neque</strong></span> <span class='ocrx_word' id='word_1_199' title='bbox 1095 1423 1283 1477; x_wconf 78' lang='lat' dir='ltr'><strong>fervidus</strong></span> <span class='ocrx_word' id='word_1_200' title='bbox 1314 1428 1448 1465; x_wconf 76' lang='lat' dir='ltr'><strong>aestus</strong></span> <span class='ocrx_word' id='word_1_201' title='bbox 1478 1424 1689 1465; x_wconf 72' lang='lat' dir='ltr'><strong>Demoveat</strong></span> <span class='ocrx_word' id='word_1_202' title='bbox 1711 1425 1828 1465; x_wconf 81' lang='lat' dir='ltr'><strong>lucro</strong></span> <span class='ocrx_word' id='word_1_203' title='bbox 1842 1456 1856 1473; x_wconf 90' lang='lat'><strong><em>,</em></strong></span> <span class='ocrx_word' id='word_1_204' title='bbox 1887 1436 2012 1478; x_wconf 77' lang='lat' dir='ltr'><strong>neqtoe</strong></span> <span class='ocrx_word' id='word_1_205' title='bbox 2041 1424 2183 1478; x_wconf 81' lang='lat' dir='ltr'><strong>hiems]</strong></span> <span class='ocrx_word' id='word_1_206' title='bbox 2217 1426 2406 1466; x_wconf 84' lang='lat' dir='ltr'><strong>Incertus</strong></span> 
     </span>
     <span class='ocr_line' id='line_1_19' title="bbox 338 1488 2015 1548; baseline -0.001 -14"><span class='ocrx_word' id='word_1_207' title='bbox 338 1496 381 1534; x_wconf 85' lang='lat' dir='ltr'><strong>in</strong></span> <span class='ocrx_word' id='word_1_208' title='bbox 412 1492 545 1533; x_wconf 82' lang='lat' dir='ltr'><strong>Grotii</strong></span> <span class='ocrx_word' id='word_1_209' title='bbox 566 1492 665 1531; x_wconf 87' lang='lat' dir='ltr'><strong>Exc.</strong></span> <span class='ocrx_word' id='word_1_210' title='bbox 693 1503 736 1544; x_wconf 91' lang='lat' dir='ltr'><strong>p.</strong></span> <span class='ocrx_word' id='word_1_211' title='bbox 764 1491 865 1532; x_wconf 82' lang='lat'>909:</span> <span class='ocrx_word' id='word_1_212' title='bbox 892 1488 1136 1546; x_wconf 64' lang='lat' dir='ltr'><strong>Kepd‘aw’,</strong></span> <span class='ocrx_word' id='word_1_213' title='bbox 1164 1491 1337 1546; x_wconf 76' lang='grc' dir='ltr'><em>ἑταῖρε,</em></span> <span class='ocrx_word' id='word_1_214' title='bbox 1363 1489 1444 1533; x_wconf 84' lang='grc' dir='ltr'><strong>καὶ</strong></span> <span class='ocrx_word' id='word_1_215' title='bbox 1465 1491 1694 1548; x_wconf 71' lang='grc' dir='ltr'><strong><em>χειμῶνος</em></strong></span> <span class='ocrx_word' id='word_1_216' title='bbox 1721 1491 1802 1534; x_wconf 81' lang='grc' dir='ltr'><strong>καὶ</strong></span> <span class='ocrx_word' id='word_1_217' title='bbox 1826 1492 2015 1547; x_wconf 67' lang='grc' dir='ltr'><strong>δέρους.</strong></span> 
     </span>
    </p>

    <p class='ocr_par' dir='ltr' id='par_1_10' title="bbox 337 1557 2412 2018">
     <span class='ocr_line' id='line_1_20' title="bbox 441 1557 2404 1613; baseline 0.001 -15"><span class='ocrx_word' id='word_1_218' title='bbox 441 1561 536 1599; x_wconf 74' lang='lat' dir='ltr'><strong>lum.</strong></span> <span class='ocrx_word' id='word_1_219' title='bbox 564 1571 605 1599; x_wconf 89' lang='lat' dir='ltr'><strong>v.</strong></span> <span class='ocrx_word' id='word_1_220' title='bbox 633 1557 698 1599; x_wconf 90' lang='grc'><strong>61.</strong></span> <span class='ocrx_word' id='word_1_221' title='bbox 740 1558 844 1598; x_wconf 75' lang='lat' dir='ltr'><strong>bona</strong></span> <span class='ocrx_word' id='word_1_222' title='bbox 861 1557 979 1611; x_wconf 79' lang='lat' dir='ltr'><strong>pars]</strong></span> <span class='ocrx_word' id='word_1_223' title='bbox 1010 1558 1254 1612; x_wconf 80' lang='lat' dir='ltr'><strong>Bernhardy</strong></span> <span class='ocrx_word' id='word_1_224' title='bbox 1281 1558 1495 1612; x_wconf 80' lang='lat' dir='ltr'><strong>disputans</strong></span> <span class='ocrx_word' id='word_1_225' title='bbox 1521 1557 1575 1600; x_wconf 90' lang='lat' dir='ltr'><strong>de</strong></span> <span class='ocrx_word' id='word_1_226' title='bbox 1596 1559 1678 1601; x_wconf 87' lang='lat' dir='ltr'><strong>Od.</strong></span> <span class='ocrx_word' id='word_1_227' title='bbox 1707 1560 1755 1608; x_wconf 73' lang='grc' dir='ltr'><strong>Ιι,</strong></span> <span class='ocrx_word' id='word_1_228' title='bbox 1789 1560 1837 1608; x_wconf 88' lang='grc'><strong>2,</strong></span> <span class='ocrx_word' id='word_1_229' title='bbox 1870 1560 1944 1600; x_wconf 73' lang='grc' dir='ltr'><strong>Ιι2ι</strong></span> <span class='ocrx_word' id='word_1_230' title='bbox 1988 1560 2159 1607; x_wconf 80' lang='lat' dir='ltr'><strong>„Orelli</strong></span> <span class='ocrx_word' id='word_1_231' title='bbox 2180 1560 2287 1613; x_wconf 74' lang='lat' dir='ltr'><strong>fasse</strong></span> <span class='ocrx_word' id='word_1_232' title='bbox 2312 1561 2404 1600; x_wconf 82' lang='lat' dir='ltr'><strong>dort</strong></span> 
     </span>
     <span class='ocr_line' id='line_1_21' title="bbox 337 1626 2412 1680; baseline -0.001 -12"><span class='ocrx_word' id='word_1_233' title='bbox 337 1628 449 1668; x_wconf 86' lang='lat' dir='ltr'><strong>bona</strong></span> <span class='ocrx_word' id='word_1_234' title='bbox 474 1639 572 1680; x_wconf 87' lang='lat' dir='ltr'><strong>pars</strong></span> <span class='ocrx_word' id='word_1_235' title='bbox 610 1626 807 1667; x_wconf 67' lang='lat' dir='ltr'><strong>vielloicht</strong></span> <span class='ocrx_word' id='word_1_236' title='bbox 831 1626 1214 1667; x_wconf 66' lang='lat' dir='ltr'><strong>abercinstimmend</strong></span> <span class='ocrx_word' id='word_1_237' title='bbox 1241 1628 1319 1666; x_wconf 80' lang='lat' dir='ltr'><strong>mit</strong></span> <span class='ocrx_word' id='word_1_238' title='bbox 1346 1627 1501 1675; x_wconf 75' lang='lat' dir='ltr'><strong>denen,</strong></span> <span class='ocrx_word' id='word_1_239' title='bbox 1543 1628 1689 1668; x_wconf 79' lang='lat' dir='ltr'><strong>welche</strong></span> <span class='ocrx_word' id='word_1_240' title='bbox 1721 1628 1809 1668; x_wconf 81' lang='lat' dir='ltr'><strong>Sat.</strong></span> <span class='ocrx_word' id='word_1_241' title='bbox 1840 1628 1885 1676; x_wconf 84' lang='grc'><strong>1,</strong></span> <span class='ocrx_word' id='word_1_242' title='bbox 1909 1628 1964 1676; x_wconf 77' lang='grc'><strong>,1,</strong></span> <span class='ocrx_word' id='word_1_243' title='bbox 1993 1627 2057 1667; x_wconf 89' lang='grc'><strong>61.</strong></span> <span class='ocrx_word' id='word_1_244' title='bbox 2087 1632 2131 1667; x_wconf 84' lang='lat' dir='ltr'><strong>at</strong></span> <span class='ocrx_word' id='word_1_245' title='bbox 2163 1627 2276 1666; x_wconf 86' lang='lat' dir='ltr'><strong>bona</strong></span> <span class='ocrx_word' id='word_1_246' title='bbox 2314 1639 2412 1679; x_wconf 87' lang='lat' dir='ltr'><strong>pars</strong></span> 
     </span>
     <span class='ocr_line' id='line_1_22' title="bbox 339 1694 2411 1748; baseline 0 -12"><span class='ocrx_word' id='word_1_247' title='bbox 339 1694 574 1743; x_wconf 88' lang='lat' dir='ltr'><strong>hominum,</strong></span> <span class='ocrx_word' id='word_1_248' title='bbox 616 1706 701 1734; x_wconf 71' lang='lat' dir='ltr'><strong>vom</strong></span> <span class='ocrx_word' id='word_1_249' title='bbox 732 1694 960 1734; x_wconf 77' lang='lat' dir='ltr'><strong>Deutschen</strong></span> <span class='ocrx_word' id='word_1_250' title='bbox 987 1694 1177 1747; x_wconf 65' lang='lat' dir='ltr'><strong>verfflhrt</strong></span> <span class='ocrx_word' id='word_1_251' title='bbox 1207 1707 1287 1736; x_wconf 79' lang='lat' dir='ltr'><strong>von</strong></span> <span class='ocrx_word' id='word_1_252' title='bbox 1317 1695 1447 1735; x_wconf 70' lang='lat' dir='ltr'><strong>ciuem</strong></span> <span class='ocrx_word' id='word_1_253' title='bbox 1473 1699 1604 1748; x_wconf 81' lang='lat' dir='ltr'><strong>guten</strong></span> <span class='ocrx_word' id='word_1_254' title='bbox 1626 1695 1747 1736; x_wconf 84' lang='lat' dir='ltr'><strong>Theil</strong></span> <span class='ocrx_word' id='word_1_255' title='bbox 1776 1695 2002 1736; x_wconf 74' lang='lat' dir='ltr'><strong>Menschen</strong></span> <span class='ocrx_word' id='word_1_256' title='bbox 2028 1694 2259 1743; x_wconf 62' lang='lat' dir='ltr'><strong>walchem</strong></span> <span class='ocrx_word' id='word_1_257' title='bbox 2294 1695 2411 1736; x_wconf 67' lang='lat' dir='ltr'><strong>wah-</strong></span> 
     </span>
     <span class='ocr_line' id='line_1_23' title="bbox 338 1761 2409 1819; baseline -0 -15"><span class='ocrx_word' id='word_1_258' title='bbox 338 1764 445 1805; x_wconf 76' lang='lat' dir='ltr'><strong>rend</strong></span> <span class='ocrx_word' id='word_1_259' title='bbox 465 1762 601 1804; x_wconf 87' lang='lat' dir='ltr'><strong>bonus</strong></span> <span class='ocrx_word' id='word_1_260' title='bbox 625 1763 669 1803; x_wconf 79' lang='lat' dir='ltr'><strong>in</strong></span> <span class='ocrx_word' id='word_1_261' title='bbox 693 1762 803 1804; x_wconf 79' lang='lat' dir='ltr'><strong>allen</strong></span> <span class='ocrx_word' id='word_1_262' title='bbox 829 1762 991 1804; x_wconf 77' lang='lat' dir='ltr'><strong>solchen</strong></span> <span class='ocrx_word' id='word_1_263' title='bbox 1013 1761 1165 1819; x_wconf 73' lang='lat' dir='ltr'><strong>Stellen</strong></span> <span class='ocrx_word' id='word_1_264' title='bbox 1185 1762 1263 1805; x_wconf 80' lang='lat' dir='ltr'><strong>den</strong></span> <span class='ocrx_word' id='word_1_265' title='bbox 1288 1761 1425 1812; x_wconf 88' lang='lat' dir='ltr'><strong>Kern,</strong></span> <span class='ocrx_word' id='word_1_266' title='bbox 1450 1762 1516 1805; x_wconf 76' lang='lat' dir='ltr'><strong>die</strong></span> <span class='ocrx_word' id='word_1_267' title='bbox 1540 1762 1778 1806; x_wconf 80' lang='lat' dir='ltr'><strong>Bliitenlese</strong></span> <span class='ocrx_word' id='word_1_268' title='bbox 1803 1762 2040 1805; x_wconf 65' lang='lat' dir='ltr'><strong>ausdrfickt.</strong></span> <span class='ocrx_word' id='word_1_269' title='bbox 2094 1762 2253 1805; x_wconf 82' lang='lat' dir='ltr'><strong>Hocine</strong></span> <span class='ocrx_word' id='word_1_270' title='bbox 2283 1762 2409 1818; x_wconf 79' lang='lat' dir='ltr'><strong>igitur</strong></span> 
     </span>
     <span class='ocr_line' id='line_1_24' title="bbox 339 1828 2403 1885; baseline -0.002 -12"><span class='ocrx_word' id='word_1_271' title='bbox 339 1830 513 1873; x_wconf 83' lang='lat' dir='ltr'><strong>dixerit:</strong></span> <span class='ocrx_word' id='word_1_272' title='bbox 543 1831 665 1880; x_wconf 80' lang='lat' dir='ltr'><strong>„flos</strong></span> <span class='ocrx_word' id='word_1_273' title='bbox 695 1841 745 1872; x_wconf 82' lang='lat' dir='ltr'><strong>ae</strong></span> <span class='ocrx_word' id='word_1_274' title='bbox 767 1829 897 1872; x_wconf 88' lang='lat' dir='ltr'><strong>robur</strong></span> <span class='ocrx_word' id='word_1_275' title='bbox 917 1828 1132 1872; x_wconf 85' lang='lat' dir='ltr'><strong>hominum</strong></span> <span class='ocrx_word' id='word_1_276' title='bbox 1163 1842 1479 1885; x_wconf 81' lang='lat' dir='ltr'><strong>perversorum,</strong></span> <span class='ocrx_word' id='word_1_277' title='bbox 1514 1831 1618 1881; x_wconf 84' lang='lat' dir='ltr'><strong>„Nil</strong></span> <span class='ocrx_word' id='word_1_278' title='bbox 1635 1831 1735 1872; x_wconf 87' lang='lat' dir='ltr'><strong>satis</strong></span> <span class='ocrx_word' id='word_1_279' title='bbox 1757 1832 1866 1881; x_wconf 88' lang='lat' dir='ltr'><strong>est&#39;’‚</strong></span> <span class='ocrx_word' id='word_1_280' title='bbox 1894 1831 2057 1885; x_wconf 75' lang='lat' dir='ltr'><strong>inquit?</strong></span> <span class='ocrx_word' id='word_1_281' title='bbox 2094 1831 2145 1872; x_wconf 86' lang='lat' dir='ltr'><strong>Et</strong></span> <span class='ocrx_word' id='word_1_282' title='bbox 2169 1832 2218 1872; x_wconf 83' lang='lat' dir='ltr'><strong>A.</strong></span> <span class='ocrx_word' id='word_1_283' title='bbox 2238 1832 2283 1871; x_wconf 88' lang='lat' dir='ltr'><strong>P.</strong></span> <span class='ocrx_word' id='word_1_284' title='bbox 2303 1830 2403 1870; x_wconf 83' lang='lat'><strong>297:</strong></span> 
     </span>
     <span class='ocr_line' id='line_1_25' title="bbox 340 1897 2402 1952; baseline -0.001 -13"><span class='ocrx_word' id='word_1_285' title='bbox 340 1899 445 1939; x_wconf 80' lang='lat' dir='ltr'><strong>bona</strong></span> <span class='ocrx_word' id='word_1_286' title='bbox 468 1909 570 1952; x_wconf 81' lang='lat' dir='ltr'><strong>pars</strong></span> <span class='ocrx_word' id='word_1_287' title='bbox 588 1910 672 1939; x_wconf 84' lang='lat' dir='ltr'><strong>mm</strong></span> <span class='ocrx_word' id='word_1_288' title='bbox 693 1909 847 1951; x_wconf 72' lang='lat' dir='ltr'><strong>unques</strong></span> <span class='ocrx_word' id='word_1_289' title='bbox 861 1909 1012 1951; x_wconf 75' lang='lat' dir='ltr'><strong>ponere</strong></span> <span class='ocrx_word' id='word_1_290' title='bbox 1029 1905 1170 1946; x_wconf 80' lang='lat' dir='ltr'><strong>curat,</strong></span> <span class='ocrx_word' id='word_1_291' title='bbox 1198 1900 1271 1940; x_wconf 80' lang='lat' dir='ltr'><strong>der</strong></span> <span class='ocrx_word' id='word_1_292' title='bbox 1288 1900 1404 1939; x_wconf 82' lang='lat' dir='ltr'><strong>Kern</strong></span> <span class='ocrx_word' id='word_1_293' title='bbox 1420 1900 1509 1940; x_wconf 77' lang='lat' dir='ltr'><strong>und</strong></span> <span class='ocrx_word' id='word_1_294' title='bbox 1538 1899 1603 1939; x_wconf 78' lang='lat' dir='ltr'><strong>die</strong></span> <span class='ocrx_word' id='word_1_295' title='bbox 1625 1899 1855 1940; x_wconf 69' lang='lat' dir='ltr'><strong>Blatenlese</strong></span> <span class='ocrx_word' id='word_1_296' title='bbox 1873 1899 1945 1939; x_wconf 78' lang='lat' dir='ltr'><strong>der</strong></span> <span class='ocrx_word' id='word_1_297' title='bbox 1966 1899 2197 1940; x_wconf 66' lang='lat' dir='ltr'><strong>verruckteu</strong></span> <span class='ocrx_word' id='word_1_298' title='bbox 2213 1897 2402 1938; x_wconf 73' lang='lat' dir='ltr'><strong>Dichter-</strong></span> 
     </span>
     <span class='ocr_line' id='line_1_26' title="bbox 340 1964 1076 2018; baseline 0 -12"><span class='ocrx_word' id='word_1_299' title='bbox 340 1968 476 2018; x_wconf 75' lang='lat' dir='ltr'><strong>linqe?</strong></span> <span class='ocrx_word' id='word_1_300' title='bbox 503 1966 602 2006; x_wconf 80' lang='lat' dir='ltr'><strong>Cras</strong></span> <span class='ocrx_word' id='word_1_301' title='bbox 626 1965 778 2012; x_wconf 82' lang='lat' dir='ltr'><strong>eredo;</strong></span> <span class='ocrx_word' id='word_1_302' title='bbox 809 1964 936 2005; x_wconf 89' lang='lat' dir='ltr'><strong>hodie</strong></span> <span class='ocrx_word' id='word_1_303' title='bbox 958 1964 1076 2007; x_wconf 79' lang='lat' dir='ltr'><strong>nihil.</strong></span> 
     </span>
    </p>

    <p class='ocr_par' dir='ltr' id='par_1_11' title="bbox 338 2029 2407 2221">
     <span class='ocr_line' id='line_1_27' title="bbox 441 2029 2403 2085; baseline -0.001 -12"><span class='ocrx_word' id='word_1_304' title='bbox 441 2035 533 2073; x_wconf 70' lang='lat' dir='ltr'><strong>lum.</strong></span> <span class='ocrx_word' id='word_1_305' title='bbox 578 2045 619 2073; x_wconf 86' lang='lat' dir='ltr'><strong>v.</strong></span> <span class='ocrx_word' id='word_1_306' title='bbox 647 2032 712 2074; x_wconf 89' lang='grc'><strong>68.</strong></span> <span class='ocrx_word' id='word_1_307' title='bbox 733 2031 962 2084; x_wconf 75' lang='lat' dir='ltr'><strong><em>Tantalus]</em></strong></span> <span class='ocrx_word' id='word_1_308' title='bbox 1011 2033 1187 2073; x_wconf 79' lang='lat' dir='ltr'><strong>Prorsus</strong></span> <span class='ocrx_word' id='word_1_309' title='bbox 1217 2036 1266 2072; x_wconf 86' lang='lat' dir='ltr'><strong>ut</strong></span> <span class='ocrx_word' id='word_1_310' title='bbox 1293 2029 1386 2079; x_wconf 87' lang='lat' dir='ltr'><strong>hic,</strong></span> <span class='ocrx_word' id='word_1_311' title='bbox 1429 2030 1592 2072; x_wconf 81' lang='lat' dir='ltr'><strong>Tantali</strong></span> <span class='ocrx_word' id='word_1_312' title='bbox 1625 2031 1763 2085; x_wconf 81' lang='lat' dir='ltr'><strong>imago</strong></span> <span class='ocrx_word' id='word_1_313' title='bbox 1801 2032 2049 2085; x_wconf 84' lang='lat' dir='ltr'><strong>proponitur</strong></span> <span class='ocrx_word' id='word_1_314' title='bbox 2079 2031 2191 2085; x_wconf 86' lang='lat' dir='ltr'><strong>apud</strong></span> <span class='ocrx_word' id='word_1_315' title='bbox 2231 2032 2403 2072; x_wconf 82' lang='lat' dir='ltr'><strong>Lucian.</strong></span> 
     </span>
     <span class='ocr_line' id='line_1_28' title="bbox 338 2098 2407 2154; baseline -0.001 -12"><span class='ocrx_word' id='word_1_316' title='bbox 338 2103 442 2142; x_wconf 89' lang='lat' dir='ltr'><strong>Tim.</strong></span> <span class='ocrx_word' id='word_1_317' title='bbox 473 2101 561 2149; x_wconf 80' lang='grc'><strong>18.;</strong></span> <span class='ocrx_word' id='word_1_318' title='bbox 592 2100 769 2141; x_wconf 88' lang='lat' dir='ltr'><strong>eandem</strong></span> <span class='ocrx_word' id='word_1_319' title='bbox 797 2099 930 2154; x_wconf 78' lang='lat' dir='ltr'><strong>magis</strong></span> <span class='ocrx_word' id='word_1_320' title='bbox 954 2098 1008 2138; x_wconf 88' lang='lat' dir='ltr'><strong>ad</strong></span> <span class='ocrx_word' id='word_1_321' title='bbox 1038 2099 1292 2150; x_wconf 79' lang='lat' dir='ltr'><strong>voluptatem</strong></span> <span class='ocrx_word' id='word_1_322' title='bbox 1316 2109 1529 2149; x_wconf 89' lang='lat' dir='ltr'><strong>nunquam</strong></span> <span class='ocrx_word' id='word_1_323' title='bbox 1557 2099 1766 2150; x_wconf 85' lang='lat' dir='ltr'><strong>expletam</strong></span> <span class='ocrx_word' id='word_1_324' title='bbox 1792 2111 1916 2151; x_wconf 87' lang='lat' dir='ltr'><strong>quam</strong></span> <span class='ocrx_word' id='word_1_325' title='bbox 1944 2099 1997 2139; x_wconf 87' lang='lat' dir='ltr'><strong>ad</strong></span> <span class='ocrx_word' id='word_1_326' title='bbox 2027 2100 2248 2140; x_wconf 83' lang='lat' dir='ltr'><strong>avaritiam</strong></span> <span class='ocrx_word' id='word_1_327' title='bbox 2275 2100 2407 2140; x_wconf 79' lang='lat' dir='ltr'><strong>refert</strong></span> 
     </span>
     <span class='ocr_line' id='line_1_29' title="bbox 339 2166 980 2221; baseline -0.006 -12"><span class='ocrx_word' id='word_1_328' title='bbox 339 2168 538 2209; x_wconf 81' lang='lat' dir='ltr'><strong>Maximus</strong></span> <span class='ocrx_word' id='word_1_329' title='bbox 558 2167 706 2221; x_wconf 82' lang='lat' dir='ltr'><strong>Tyrius</strong></span> <span class='ocrx_word' id='word_1_330' title='bbox 735 2166 842 2207; x_wconf 87' lang='lat' dir='ltr'><strong>Diss.</strong></span> <span class='ocrx_word' id='word_1_331' title='bbox 870 2167 916 2215; x_wconf 68' lang='lat' dir='ltr'><strong>lt,</strong></span> <span class='ocrx_word' id='word_1_332' title='bbox 941 2166 980 2205; x_wconf 67' lang='lat' dir='ltr'><strong>lt.</strong></span> 
     </span>
    </p>

    <p class='ocr_par' dir='ltr' id='par_1_12' title="bbox 342 2233 2404 2426">
     <span class='ocr_line' id='line_1_30' title="bbox 439 2233 2404 2287; baseline -0.001 -11"><span class='ocrx_word' id='word_1_333' title='bbox 439 2237 534 2276; x_wconf 70' lang='lat' dir='ltr'><strong>lum.</strong></span> <span class='ocrx_word' id='word_1_334' title='bbox 571 2248 612 2276; x_wconf 89' lang='lat' dir='ltr'><strong>v.</strong></span> <span class='ocrx_word' id='word_1_335' title='bbox 644 2236 709 2275; x_wconf 90' lang='grc'><strong>77.</strong></span> <span class='ocrx_word' id='word_1_336' title='bbox 759 2233 998 2274; x_wconf 83' lang='lat' dir='ltr'><strong>Formidare</strong></span> <span class='ocrx_word' id='word_1_337' title='bbox 1027 2256 1069 2262; x_wconf 92' lang='lat'><strong>—</strong></span> <span class='ocrx_word' id='word_1_338' title='bbox 1102 2255 1144 2262; x_wconf 95' lang='lat'><strong>—</strong></span> <span class='ocrx_word' id='word_1_339' title='bbox 1173 2244 1331 2279; x_wconf 60' lang='lat' dir='ltr'><strong>sev-vost,</strong></span> <span class='ocrx_word' id='word_1_340' title='bbox 1374 2233 1435 2273; x_wconf 84' lang='lat' dir='ltr'><strong>Ne</strong></span> <span class='ocrx_word' id='word_1_341' title='bbox 1468 2238 1503 2272; x_wconf 83' lang='lat' dir='ltr'><strong>te</strong></span> <span class='ocrx_word' id='word_1_342' title='bbox 1539 2234 1756 2285; x_wconf 76' lang='lat' dir='ltr'><strong>compilent</strong></span> <span class='ocrx_word' id='word_1_343' title='bbox 1781 2234 1996 2287; x_wconf 76' lang='lat' dir='ltr'><strong>fuqientes]</strong></span> <span class='ocrx_word' id='word_1_344' title='bbox 2040 2236 2175 2275; x_wconf 82' lang='lat' dir='ltr'><strong>Locus</strong></span> <span class='ocrx_word' id='word_1_345' title='bbox 2204 2245 2404 2287; x_wconf 82' lang='lat' dir='ltr'><strong>perquam</strong></span> 
     </span>
     <span class='ocr_line' id='line_1_31' title="bbox 342 2299 2399 2359; baseline -0.001 -15"><span class='ocrx_word' id='word_1_346' title='bbox 342 2303 617 2354; x_wconf 76' lang='lat' dir='ltr'><strong>memorabilis</strong></span> <span class='ocrx_word' id='word_1_347' title='bbox 655 2302 709 2343; x_wconf 88' lang='lat' dir='ltr'><strong>‹le</strong></span> <span class='ocrx_word' id='word_1_348' title='bbox 738 2302 921 2355; x_wconf 79' lang='lat' dir='ltr'><strong>fugitivis</strong></span> <span class='ocrx_word' id='word_1_349' title='bbox 950 2306 1015 2341; x_wconf 86' lang='lat' dir='ltr'><strong>est</strong></span> <span class='ocrx_word' id='word_1_350' title='bbox 1047 2299 1159 2354; x_wconf 88' lang='lat' dir='ltr'><strong>apud</strong></span> <span class='ocrx_word' id='word_1_351' title='bbox 1190 2301 1353 2340; x_wconf 82' lang='lat' dir='ltr'><strong>Arrian.</strong></span> <span class='ocrx_word' id='word_1_352' title='bbox 1382 2300 1514 2353; x_wconf 86' lang='lat' dir='ltr'><strong>Epict.</strong></span> <span class='ocrx_word' id='word_1_353' title='bbox 1551 2300 1578 2339; x_wconf 92' lang='grc'><strong>5</strong></span> <span class='ocrx_word' id='word_1_354' title='bbox 1592 2330 1605 2348; x_wconf 91' lang='grc'><strong>,</strong></span> <span class='ocrx_word' id='word_1_355' title='bbox 1641 2301 1706 2341; x_wconf 85' lang='grc'><strong>26.</strong></span> <span class='ocrx_word' id='word_1_356' title='bbox 1752 2301 1885 2342; x_wconf 83' lang='lat' dir='ltr'><strong>initio.</strong></span> <span class='ocrx_word' id='word_1_357' title='bbox 1937 2302 1988 2342; x_wconf 89' lang='lat' dir='ltr'><strong>Et</strong></span> <span class='ocrx_word' id='word_1_358' title='bbox 2023 2314 2196 2359; x_wconf 77' lang='lat' dir='ltr'><strong>prorsus</strong></span> <span class='ocrx_word' id='word_1_359' title='bbox 2234 2307 2279 2342; x_wconf 84' lang='lat' dir='ltr'><strong>ut</strong></span> <span class='ocrx_word' id='word_1_360' title='bbox 2314 2300 2399 2349; x_wconf 86' lang='lat' dir='ltr'><strong>hic,</strong></span> 
     </span>
     <span class='ocr_line' id='line_1_32' title="bbox 343 2364 2274 2426; baseline -0.001 -14"><span class='ocrx_word' id='word_1_361' title='bbox 343 2370 442 2412; x_wconf 88' lang='lat' dir='ltr'><strong>ibid.</strong></span> <span class='ocrx_word' id='word_1_362' title='bbox 469 2371 563 2412; x_wconf 89' lang='lat' dir='ltr'><strong>eod.</strong></span> <span class='ocrx_word' id='word_1_363' title='bbox 595 2371 667 2411; x_wconf 84' lang='grc'><strong>12;</strong></span> <span class='ocrx_word' id='word_1_364' title='bbox 699 2367 808 2424; x_wconf 78' lang='grc' dir='ltr'><strong><em>περὶ</em></strong></span> <span class='ocrx_word' id='word_1_365' title='bbox 831 2369 917 2412; x_wconf 76' lang='grc' dir='ltr'><strong>τῶν</strong></span> <span class='ocrx_word' id='word_1_366' title='bbox 941 2364 1200 2424; x_wconf 74' lang='grc' dir='ltr'><strong><em>δουλαρίων</em></strong></span> <span class='ocrx_word' id='word_1_367' title='bbox 1223 2366 1373 2425; x_wconf 80' lang='grc' dir='ltr'><strong><em>τρέμε,</em></strong></span> <span class='ocrx_word' id='word_1_368' title='bbox 1398 2366 1464 2424; x_wconf 80' lang='grc' dir='ltr'><strong>μὴ</strong></span> <span class='ocrx_word' id='word_1_369' title='bbox 1491 2366 1653 2424; x_wconf 71' lang='grc' dir='ltr'><strong><em>κλέψῃ,</em></strong></span> <span class='ocrx_word' id='word_1_370' title='bbox 1678 2367 1745 2425; x_wconf 81' lang='grc' dir='ltr'><strong>μὴ</strong></span> <span class='ocrx_word' id='word_1_371' title='bbox 1774 2367 1901 2424; x_wconf 80' lang='grc' dir='ltr'><strong><em>φύγῃ</em></strong></span> <span class='ocrx_word' id='word_1_372' title='bbox 1914 2397 1927 2419; x_wconf 90' lang='grc'><em>,</em></span> <span class='ocrx_word' id='word_1_373' title='bbox 1952 2369 2021 2426; x_wconf 80' lang='grc' dir='ltr'><strong>μὴ</strong></span> <span class='ocrx_word' id='word_1_374' title='bbox 2045 2367 2274 2424; x_wconf 64' lang='grc' dir='ltr'><strong>ἀποθάνῃ.</strong></span> 
     </span>
    </p>

    <p class='ocr_par' dir='ltr' id='par_1_13' title="bbox 346 2435 2402 2548">
     <span class='ocr_line' id='line_1_33' title="bbox 442 2435 2402 2494; baseline -0.001 -14"><span class='ocrx_word' id='word_1_375' title='bbox 442 2440 534 2480; x_wconf 83' lang='lat' dir='ltr'><strong>lmn.</strong></span> <span class='ocrx_word' id='word_1_376' title='bbox 577 2450 616 2479; x_wconf 92' lang='lat' dir='ltr'><strong>v.</strong></span> <span class='ocrx_word' id='word_1_377' title='bbox 646 2438 710 2480; x_wconf 89' lang='grc'><strong>80.</strong></span> <span class='ocrx_word' id='word_1_378' title='bbox 744 2438 800 2478; x_wconf 83' lang='lat' dir='ltr'><strong>At</strong></span> <span class='ocrx_word' id='word_1_379' title='bbox 825 2439 862 2478; x_wconf 83' lang='lat' dir='ltr'><strong>si</strong></span> <span class='ocrx_word' id='word_1_380' title='bbox 891 2436 1113 2490; x_wconf 75' lang='lat' dir='ltr'><strong>condoluit]</strong></span> <span class='ocrx_word' id='word_1_381' title='bbox 1154 2437 1311 2477; x_wconf 86' lang='lat' dir='ltr'><strong>Novam</strong></span> <span class='ocrx_word' id='word_1_382' title='bbox 1337 2436 1656 2490; x_wconf 82' lang='lat' dir='ltr'><strong>explicationem</strong></span> <span class='ocrx_word' id='word_1_383' title='bbox 1692 2435 1818 2477; x_wconf 91' lang='lat' dir='ltr'><strong>huius</strong></span> <span class='ocrx_word' id='word_1_384' title='bbox 1847 2438 1930 2477; x_wconf 84' lang='lat' dir='ltr'><strong>loci</strong></span> <span class='ocrx_word' id='word_1_385' title='bbox 1961 2449 2196 2494; x_wconf 87' lang='lat' dir='ltr'><strong>proponere</strong></span> <span class='ocrx_word' id='word_1_386' title='bbox 2227 2442 2402 2478; x_wconf 82' lang='lat' dir='ltr'><strong>conatus</strong></span> 
     </span>
     <span class='ocr_line' id='line_1_34' title="bbox 346 2504 1224 2548; baseline -0.006 0"><span class='ocrx_word' id='word_1_387' title='bbox 346 2511 409 2548; x_wconf 91' lang='lat' dir='ltr'><strong>est</strong></span> <span class='ocrx_word' id='word_1_388' title='bbox 431 2505 743 2547; x_wconf 88' lang='lat' dir='ltr'><strong>Doederleinius</strong></span> <span class='ocrx_word' id='word_1_389' title='bbox 761 2507 892 2546; x_wconf 87' lang='lat' dir='ltr'><strong>Leett.</strong></span> <span class='ocrx_word' id='word_1_390' title='bbox 923 2505 1067 2545; x_wconf 88' lang='lat' dir='ltr'><strong>Horat.</strong></span> <span class='ocrx_word' id='word_1_391' title='bbox 1098 2504 1224 2544; x_wconf 88' lang='lat' dir='ltr'><strong>XVII.</strong></span> 
     </span>
    </p>

    <p class='ocr_par' dir='ltr' id='par_1_14' title="bbox 345 2569 2402 2831">
     <span class='ocr_line' id='line_1_35' title="bbox 446 2569 2402 2627; baseline 0 -13"><span class='ocrx_word' id='word_1_392' title='bbox 446 2576 535 2614; x_wconf 75' lang='lat' dir='ltr'><strong>lum.</strong></span> <span class='ocrx_word' id='word_1_393' title='bbox 568 2585 607 2613; x_wconf 90' lang='lat' dir='ltr'><strong>v.</strong></span> <span class='ocrx_word' id='word_1_394' title='bbox 641 2573 706 2613; x_wconf 65' lang='lat'><strong>84,</strong></span> <span class='ocrx_word' id='word_1_395' title='bbox 747 2573 840 2613; x_wconf 79' lang='lat' dir='ltr'><strong>Non</strong></span> <span class='ocrx_word' id='word_1_396' title='bbox 869 2583 973 2612; x_wconf 76' lang='lat' dir='ltr'><strong>uxor</strong></span> <span class='ocrx_word' id='word_1_397' title='bbox 993 2572 1145 2613; x_wconf 72' lang='lat' dir='ltr'><strong>salvom</strong></span> <span class='ocrx_word' id='word_1_398' title='bbox 1167 2576 1204 2612; x_wconf 84' lang='lat' dir='ltr'><strong>te</strong></span> <span class='ocrx_word' id='word_1_399' title='bbox 1229 2570 1322 2624; x_wconf 67' lang='lat' dir='ltr'><strong>volt]</strong></span> <span class='ocrx_word' id='word_1_400' title='bbox 1355 2571 1432 2612; x_wconf 91' lang='lat' dir='ltr'><strong>Dio</strong></span> <span class='ocrx_word' id='word_1_401' title='bbox 1463 2571 1670 2624; x_wconf 88' lang='lat' dir='ltr'><strong>Chrysost.</strong></span> <span class='ocrx_word' id='word_1_402' title='bbox 1705 2571 1779 2613; x_wconf 87' lang='lat' dir='ltr'><strong>Or.</strong></span> <span class='ocrx_word' id='word_1_403' title='bbox 1811 2573 1875 2613; x_wconf 90' lang='grc'><strong>17.</strong></span> <span class='ocrx_word' id='word_1_404' title='bbox 1905 2585 1948 2626; x_wconf 88' lang='lat' dir='ltr'><strong>p.</strong></span> <span class='ocrx_word' id='word_1_405' title='bbox 1973 2573 2068 2614; x_wconf 63' lang='lat'><strong>1264:</strong></span> <span class='ocrx_word' id='word_1_406' title='bbox 2102 2570 2132 2626; x_wconf 84' lang='grc' dir='ltr'><em>ἡ</em></span> <span class='ocrx_word' id='word_1_407' title='bbox 2157 2569 2402 2627; x_wconf 73' lang='grc' dir='ltr'><strong><em>πλεονεξία</em></strong></span> 
     </span>
     <span class='ocr_line' id='line_1_36' title="bbox 345 2637 2400 2700; baseline -0.002 -15"><span class='ocrx_word' id='word_1_408' title='bbox 345 2639 554 2700; x_wconf 77' lang='grc' dir='ltr'><strong><em>μεγιστόν</em></strong></span> <span class='ocrx_word' id='word_1_409' title='bbox 578 2640 699 2682; x_wconf 75' lang='grc' dir='ltr'><strong><em>ἐστιν</em></strong></span> <span class='ocrx_word' id='word_1_410' title='bbox 724 2638 846 2694; x_wconf 76' lang='grc' dir='ltr'><strong>αὐτῷ</strong></span> <span class='ocrx_word' id='word_1_411' title='bbox 873 2653 959 2681; x_wconf 73' lang='grc' dir='ltr'><strong>τινι</strong></span> <span class='ocrx_word' id='word_1_412' title='bbox 984 2637 1144 2682; x_wconf 63' lang='grc' dir='ltr'><strong><em>κακόν</em></strong></span> <span class='ocrx_word' id='word_1_413' title='bbox 1188 2639 1330 2681; x_wconf 77' lang='grc' dir='ltr'><strong><em>λυπεῖ</em></strong></span> <span class='ocrx_word' id='word_1_414' title='bbox 1358 2637 1409 2680; x_wconf 83' lang='grc' dir='ltr'><strong>δὲ</strong></span> <span class='ocrx_word' id='word_1_415' title='bbox 1445 2638 1524 2680; x_wconf 83' lang='grc' dir='ltr'><strong>καὶ</strong></span> <span class='ocrx_word' id='word_1_416' title='bbox 1565 2638 1675 2692; x_wconf 79' lang='grc' dir='ltr'><strong><em>τοὺς</em></strong></span> <span class='ocrx_word' id='word_1_417' title='bbox 1702 2640 1863 2694; x_wconf 73' lang='grc' dir='ltr'><strong>πέλας.</strong></span> <span class='ocrx_word' id='word_1_418' title='bbox 1904 2641 1981 2681; x_wconf 82' lang='grc' dir='ltr'><strong>καὶ</strong></span> <span class='ocrx_word' id='word_1_419' title='bbox 2015 2638 2092 2681; x_wconf 78' lang='grc' dir='ltr'><strong>τὸν</strong></span> <span class='ocrx_word' id='word_1_420' title='bbox 2126 2639 2400 2692; x_wconf 66' lang='grc' dir='ltr'><strong><em>πλεονέκτην</em></strong></span> 
     </span>
     <span class='ocr_line' id='line_1_37' title="bbox 345 2703 2399 2762; baseline -0.001 -10"><span class='ocrx_word' id='word_1_421' title='bbox 345 2707 497 2762; x_wconf 77' lang='grc' dir='ltr'><strong><em>οὐδεὶς</em></strong></span> <span class='ocrx_word' id='word_1_422' title='bbox 525 2708 642 2751; x_wconf 81' lang='grc' dir='ltr'><strong><em>ἐλεεῖ</em></strong></span> <span class='ocrx_word' id='word_1_423' title='bbox 659 2704 904 2761; x_wconf 63' lang='grc' dir='ltr'><em>δήπουθεν·</em></span> <span class='ocrx_word' id='word_1_424' title='bbox 943 2730 984 2737; x_wconf 83' lang='lat'><em>-</em></span> <span class='ocrx_word' id='word_1_425' title='bbox 1026 2705 1363 2761; x_wconf 78' lang='grc' dir='ltr'><strong><em>προβάλλονται</em></strong></span> <span class='ocrx_word' id='word_1_426' title='bbox 1404 2705 1454 2749; x_wconf 84' lang='grc' dir='ltr'><strong>δὲ</strong></span> <span class='ocrx_word' id='word_1_427' title='bbox 1498 2703 1697 2761; x_wconf 69' lang='grc' dir='ltr'><em>ἅπαντες</em></span> <span class='ocrx_word' id='word_1_428' title='bbox 1734 2709 1815 2751; x_wconf 84' lang='grc' dir='ltr'><strong>καὶ</strong></span> <span class='ocrx_word' id='word_1_429' title='bbox 1851 2708 2067 2760; x_wconf 65' lang='grc' dir='ltr'><strong><em>πολέμιον</em></strong></span> <span class='ocrx_word' id='word_1_430' title='bbox 2100 2706 2242 2751; x_wconf 76' lang='grc' dir='ltr'><em>αὐτὸν</em></span> <span class='ocrx_word' id='word_1_431' title='bbox 2274 2706 2399 2762; x_wconf 68' lang='grc' dir='ltr'><em>νομί-</em></span> 
     </span>
     <span class='ocr_line' id='line_1_38' title="bbox 346 2776 511 2831; baseline -0.012 -10"><span class='ocrx_word' id='word_1_432' title='bbox 346 2776 511 2831; x_wconf 58' lang='lat' dir='ltr'><strong>§ovam</strong></span> 
     </span>
    </p>

    <p class='ocr_par' dir='ltr' id='par_1_15' title="bbox 345 2841 2400 3034">
     <span class='ocr_line' id='line_1_39' title="bbox 446 2841 2399 2899; baseline 0 -13"><span class='ocrx_word' id='word_1_433' title='bbox 446 2846 539 2886; x_wconf 68' lang='lat' dir='ltr'><strong>Iam.</strong></span> <span class='ocrx_word' id='word_1_434' title='bbox 581 2857 621 2887; x_wconf 85' lang='lat' dir='ltr'><strong>v.</strong></span> <span class='ocrx_word' id='word_1_435' title='bbox 649 2843 712 2886; x_wconf 84' lang='lat'><strong>90.</strong></span> <span class='ocrx_word' id='word_1_436' title='bbox 755 2841 925 2897; x_wconf 76' lang='lat' dir='ltr'><strong>Infelix]</strong></span> <span class='ocrx_word' id='word_1_437' title='bbox 955 2842 1045 2884; x_wconf 41' lang='lat' dir='ltr'><strong>Cfr..</strong></span> <span class='ocrx_word' id='word_1_438' title='bbox 1067 2843 1349 2887; x_wconf 82' lang='lat' dir='ltr'><strong>Hermannum</strong></span> <span class='ocrx_word' id='word_1_439' title='bbox 1379 2841 1434 2884; x_wconf 83' lang='lat' dir='ltr'><strong>ad</strong></span> <span class='ocrx_word' id='word_1_440' title='bbox 1458 2843 1601 2899; x_wconf 88' lang='lat' dir='ltr'><strong>Eurip.</strong></span> <span class='ocrx_word' id='word_1_441' title='bbox 1629 2845 1719 2887; x_wconf 90' lang='lat' dir='ltr'><strong>lon.</strong></span> <span class='ocrx_word' id='word_1_442' title='bbox 1748 2844 1837 2887; x_wconf 66' lang='lat' dir='ltr'><strong>ola.</strong></span> <span class='ocrx_word' id='word_1_443' title='bbox 1888 2843 2086 2898; x_wconf 87' lang='lat' dir='ltr'><strong>Exempla</strong></span> <span class='ocrx_word' id='word_1_444' title='bbox 2111 2841 2237 2886; x_wconf 84' lang='lat' dir='ltr'><strong>huius</strong></span> <span class='ocrx_word' id='word_1_445' title='bbox 2269 2844 2399 2899; x_wconf 85' lang='lat' dir='ltr'><strong>signi-</strong></span> 
     </span>
     <span class='ocr_line' id='line_1_40' title="bbox 345 2912 2400 2967; baseline -0.001 -11"><span class='ocrx_word' id='word_1_446' title='bbox 345 2914 546 2956; x_wconf 79' lang='lat' dir='ltr'><strong>ficationis</strong></span> <span class='ocrx_word' id='word_1_447' title='bbox 594 2912 828 2967; x_wconf 86' lang='lat' dir='ltr'><strong>(‚,stultus‚</strong></span> <span class='ocrx_word' id='word_1_448' title='bbox 875 2924 1095 2966; x_wconf 81' lang='lat' dir='ltr'><strong>perversus</strong></span> <span class='ocrx_word' id='word_1_449' title='bbox 1105 2913 1128 2930; x_wconf 92' lang='grc'><strong><em>”</em></strong></span> <span class='ocrx_word' id='word_1_450' title='bbox 1173 2924 1223 2954; x_wconf 86' lang='lat' dir='ltr'><strong>ae</strong></span> <span class='ocrx_word' id='word_1_451' title='bbox 1265 2915 1488 2967; x_wconf 84' lang='lat' dir='ltr'><strong>propterea</strong></span> <span class='ocrx_word' id='word_1_452' title='bbox 1538 2912 1592 2954; x_wconf 84' lang='lat' dir='ltr'><strong>ad</strong></span> <span class='ocrx_word' id='word_1_453' title='bbox 1634 2913 1761 2955; x_wconf 85' lang='lat' dir='ltr'><strong>finem</strong></span> <span class='ocrx_word' id='word_1_454' title='bbox 1803 2925 1921 2954; x_wconf 90' lang='lat' dir='ltr'><strong>suum</strong></span> <span class='ocrx_word' id='word_1_455' title='bbox 1969 2924 2053 2953; x_wconf 91' lang='lat' dir='ltr'><strong>non</strong></span> <span class='ocrx_word' id='word_1_456' title='bbox 2101 2913 2400 2967; x_wconf 86' lang='lat' dir='ltr'><strong>perveniens:)</strong></span> 
     </span>
     <span class='ocr_line' id='line_1_41' title="bbox 345 2978 2395 3034; baseline -0.001 -12"><span class='ocrx_word' id='word_1_457' title='bbox 345 2981 451 3024; x_wconf 84' lang='lat' dir='ltr'><strong>haee</strong></span> <span class='ocrx_word' id='word_1_458' title='bbox 481 2981 608 3023; x_wconf 89' lang='lat' dir='ltr'><strong>adde:</strong></span> <span class='ocrx_word' id='word_1_459' title='bbox 651 2986 717 3021; x_wconf 86' lang='lat' dir='ltr'><strong>ter</strong></span> <span class='ocrx_word' id='word_1_460' title='bbox 752 2980 864 3034; x_wconf 87' lang='lat' dir='ltr'><strong>apud</strong></span> <span class='ocrx_word' id='word_1_461' title='bbox 898 2978 1147 3034; x_wconf 75' lang='lat' dir='ltr'><strong>Sophoclem</strong></span> <span class='ocrx_word' id='word_1_462' title='bbox 1182 2978 1435 3034; x_wconf 73' lang='grc' dir='ltr'><strong>ἄνολβος.</strong></span> <span class='ocrx_word' id='word_1_463' title='bbox 1486 2981 1582 3021; x_wconf 82' lang='lat' dir='ltr'><strong>Ant.</strong></span> <span class='ocrx_word' id='word_1_464' title='bbox 1614 2981 1728 3022; x_wconf 84' lang='grc'><strong>1026.</strong></span> <span class='ocrx_word' id='word_1_465' title='bbox 1759 2980 1872 3021; x_wconf 77' lang='grc'><strong>1268.</strong></span> <span class='ocrx_word' id='word_1_466' title='bbox 1911 2980 2017 3020; x_wconf 80' lang='lat' dir='ltr'><strong>Aiax</strong></span> <span class='ocrx_word' id='word_1_467' title='bbox 2045 2980 2162 3022; x_wconf 74' lang='grc'><strong>1156.</strong></span> <span class='ocrx_word' id='word_1_468' title='bbox 2205 2982 2314 3022; x_wconf 83' lang='lat' dir='ltr'><strong>Plut.</strong></span> <span class='ocrx_word' id='word_1_469' title='bbox 2343 2981 2395 3020; x_wconf 88' lang='lat' dir='ltr'><strong>de</strong></span> 
     </span>
    </p>
   </div>
   <div class='ocr_carea' id='block_1_10' title="bbox 347 3044 2397 3105">
    <p class='ocr_par' dir='ltr' id='par_1_16' title="bbox 347 3044 2397 3105">
     <span class='ocr_line' id='line_1_42' title="bbox 347 3044 2397 3105; baseline 0.003 -18"><span class='ocrx_word' id='word_1_470' title='bbox 347 3048 485 3090; x_wconf 84' lang='lat' dir='ltr'><strong>cohib.</strong></span> <span class='ocrx_word' id='word_1_471' title='bbox 518 3052 597 3091; x_wconf 88' lang='lat' dir='ltr'><strong>Ira.</strong></span> <span class='ocrx_word' id='word_1_472' title='bbox 632 3050 709 3098; x_wconf 48' lang='grc' dir='ltr'><strong>11η,</strong></span> <span class='ocrx_word' id='word_1_473' title='bbox 756 3046 915 3101; x_wconf 79' lang='grc' dir='ltr'><strong><em>Οὕτως</em></strong></span> <span class='ocrx_word' id='word_1_474' title='bbox 951 3062 1026 3091; x_wconf 79' lang='grc' dir='ltr'><strong>σοι</strong></span> <span class='ocrx_word' id='word_1_475' title='bbox 1049 3045 1172 3092; x_wconf 76' lang='grc' dir='ltr'><strong><em>δοκῶ</em></strong></span> <span class='ocrx_word' id='word_1_476' title='bbox 1197 3046 1486 3092; x_wconf 71' lang='grc' dir='ltr'><strong><em>παντάπασιν</em></strong></span> <span class='ocrx_word' id='word_1_477' title='bbox 1523 3047 1737 3105; x_wconf 84' lang='grc' dir='ltr'><strong><em>ἀτυχής</em></strong></span> <span class='ocrx_word' id='word_1_478' title='bbox 1781 3063 1846 3100; x_wconf 84' lang='grc' dir='ltr'><strong>τις</strong></span> <span class='ocrx_word' id='word_1_479' title='bbox 1883 3044 2004 3092; x_wconf 70' lang='grc' dir='ltr'><strong><em>εἶναι</em></strong></span> <span class='ocrx_word' id='word_1_480' title='bbox 2027 3049 2109 3092; x_wconf 78' lang='grc' dir='ltr'><strong>καὶ</strong></span> <span class='ocrx_word' id='word_1_481' title='bbox 2136 3047 2397 3105; x_wconf 74' lang='grc' dir='ltr'><em>ἀνήκεστος,</em></span> 
     </span>
    </p>
   </div>
  </div>
 </body>
</html>
