<?xml version="1.0" encoding="UTF-8"?>
<!DOCTYPE html PUBLIC "-//W3C//DTD XHTML 1.0 Transitional//EN"
    "http://www.w3.org/TR/xhtml1/DTD/xhtml1-transitional.dtd">
<html xmlns="http://www.w3.org/1999/xhtml" xml:lang="en" lang="en">
 <head>
  <title>
</title>
<meta http-equiv="Content-Type" content="text/html;charset=utf-8" />
  <meta name='ocr-system' content='tesseract 3.04.00' />
  <meta name='ocr-capabilities' content='ocr_page ocr_carea ocr_par ocr_line ocrx_word'/>
</head>
<body>
  <div class='ocr_page' id='page_1' title='image "4767254_0021.png"; bbox 0 0 2832 3448; ppageno 0'>
   <div class='ocr_carea' id='block_1_1' title="bbox 1216 158 1537 210">
    <p class='ocr_par' dir='ltr' id='par_1_1' title="bbox 1216 158 1537 210">
     <span class='ocr_line' id='line_1_1' title="bbox 1216 158 1537 210; baseline -0.012 0"><span class='ocrx_word' id='word_1_1' title='bbox 1216 186 1281 197; x_wconf 89' lang='lat'>-</span> <span class='ocrx_word' id='word_1_2' title='bbox 1346 158 1537 210; x_wconf 60' lang='lat'><strong>13-</strong></span> 
     </span>
    </p>
   </div>
   <div class='ocr_carea' id='block_1_2' title="bbox 317 274 2405 3096">
    <p class='ocr_par' dir='ltr' id='par_1_2' title="bbox 337 274 2405 464">
     <span class='ocr_line' id='line_1_2' title="bbox 441 274 2405 330; baseline 0.001 -14"><span class='ocrx_word' id='word_1_3' title='bbox 441 279 532 316; x_wconf 72' lang='lat' dir='ltr'><strong>lmn&#39;.</strong></span> <span class='ocrx_word' id='word_1_4' title='bbox 562 290 600 316; x_wconf 84' lang='lat' dir='ltr'><strong>v.</strong></span> <span class='ocrx_word' id='word_1_5' title='bbox 621 278 685 316; x_wconf 70' lang='lat' dir='ltr'><strong>2lt.</strong></span> <span class='ocrx_word' id='word_1_6' title='bbox 721 278 925 328; x_wconf 76' lang='lat' dir='ltr'><strong><em>reparavit</em></strong></span> <span class='ocrx_word' id='word_1_7' title='bbox 950 275 1060 327; x_wconf 85' lang='lat' dir='ltr'><strong>oras]</strong></span> <span class='ocrx_word' id='word_1_8' title='bbox 1087 275 1279 327; x_wconf 84' lang='lat' dir='ltr'><strong>Repetita</strong></span> <span class='ocrx_word' id='word_1_9' title='bbox 1309 274 1361 316; x_wconf 87' lang='lat' dir='ltr'><strong>ex</strong></span> <span class='ocrx_word' id='word_1_10' title='bbox 1379 276 1458 316; x_wconf 84' lang='lat' dir='ltr'><strong>hac</strong></span> <span class='ocrx_word' id='word_1_11' title='bbox 1478 277 1596 316; x_wconf 89' lang='lat' dir='ltr'><strong>verbi</strong></span> <span class='ocrx_word' id='word_1_12' title='bbox 1619 275 1923 330; x_wconf 86' lang='lat' dir='ltr'><strong>significatione</strong></span> <span class='ocrx_word' id='word_1_13' title='bbox 1951 276 2120 317; x_wconf 87' lang='lat' dir='ltr'><strong>videtur</strong></span> <span class='ocrx_word' id='word_1_14' title='bbox 2150 278 2405 318; x_wconf 84' lang='lat' dir='ltr'><strong>consuetudo</strong></span> 
     </span>
     <span class='ocr_line' id='line_1_3' title="bbox 337 343 2402 397; baseline -0 -13"><span class='ocrx_word' id='word_1_15' title='bbox 337 345 479 385; x_wconf 74' lang='lat' dir='ltr'><strong>italica</strong></span> <span class='ocrx_word' id='word_1_16' title='bbox 520 357 558 385; x_wconf 92' lang='lat' dir='ltr'><strong>v.</strong></span> <span class='ocrx_word' id='word_1_17' title='bbox 593 346 801 397; x_wconf 82' lang='lat' dir='ltr'><strong>ripararsi</strong></span> <span class='ocrx_word' id='word_1_18' title='bbox 832 344 901 395; x_wconf 89' lang='lat'><strong>(=</strong></span> <span class='ocrx_word' id='word_1_19' title='bbox 929 344 1213 394; x_wconf 71' lang='lat' dir='ltr'><strong>ricoeerarsi):</strong></span> <span class='ocrx_word' id='word_1_20' title='bbox 1260 345 1383 384; x_wconf 89' lang='lat' dir='ltr'><strong>etiam</strong></span> <span class='ocrx_word' id='word_1_21' title='bbox 1414 345 1616 385; x_wconf 88' lang='lat' dir='ltr'><strong>absolute.</strong></span> <span class='ocrx_word' id='word_1_22' title='bbox 1662 346 1788 384; x_wconf 84' lang='lat' dir='ltr'><strong>&#39;rasso</strong></span> <span class='ocrx_word' id='word_1_23' title='bbox 1822 347 1969 385; x_wconf 86' lang='lat' dir='ltr'><strong>Gerus.</strong></span> <span class='ocrx_word' id='word_1_24' title='bbox 2013 344 2086 392; x_wconf 85' lang='grc'><strong>17,</strong></span> <span class='ocrx_word' id='word_1_25' title='bbox 2128 343 2202 392; x_wconf 84' lang='grc'><strong>70,</strong></span> <span class='ocrx_word' id='word_1_26' title='bbox 2235 343 2284 384; x_wconf 86' lang='lat'><strong>6:</strong></span> <span class='ocrx_word' id='word_1_27' title='bbox 2328 344 2402 384; x_wconf 81' lang='lat' dir='ltr'><strong>Poi</strong></span> 
     </span>
     <span class='ocr_line' id='line_1_4' title="bbox 339 411 999 464; baseline 0 -14"><span class='ocrx_word' id='word_1_28' title='bbox 339 413 532 464; x_wconf 72' lang='lat' dir='ltr'><strong>riparava</strong></span> <span class='ocrx_word' id='word_1_29' title='bbox 564 414 609 451; x_wconf 78' lang='lat' dir='ltr'><strong>in</strong></span> <span class='ocrx_word' id='word_1_30' title='bbox 631 412 709 463; x_wconf 70' lang='lat' dir='ltr'><strong>piu</strong></span> <span class='ocrx_word' id='word_1_31' title='bbox 733 412 870 451; x_wconf 81' lang='lat' dir='ltr'><strong>sicura</strong></span> <span class='ocrx_word' id='word_1_32' title='bbox 894 411 999 451; x_wconf 81' lang='lat' dir='ltr'><strong>sede.</strong></span> 
     </span>
    </p>

    <p class='ocr_par' dir='ltr' id='par_1_3' title="bbox 334 477 2404 941">
     <span class='ocr_line' id='line_1_5' title="bbox 440 477 2404 529; baseline 0.001 -11"><span class='ocrx_word' id='word_1_33' title='bbox 440 479 528 522; x_wconf 78' lang='lat' dir='ltr'><strong>OD..</strong></span> <span class='ocrx_word' id='word_1_34' title='bbox 555 478 773 519; x_wconf 86' lang='lat' dir='ltr'><strong>XXXVIII.</strong></span> <span class='ocrx_word' id='word_1_35' title='bbox 811 491 851 518; x_wconf 90' lang='lat' dir='ltr'><strong>v.</strong></span> <span class='ocrx_word' id='word_1_36' title='bbox 880 478 921 518; x_wconf 88' lang='grc'><strong>5.</strong></span> <span class='ocrx_word' id='word_1_37' title='bbox 962 483 1093 529; x_wconf 71' lang='lat' dir='ltr'><strong>myrto</strong></span> <span class='ocrx_word' id='word_1_38' title='bbox 1118 478 1226 520; x_wconf 76' lang='lat' dir='ltr'><strong>nihil</strong></span> <span class='ocrx_word' id='word_1_39' title='bbox 1260 478 1463 520; x_wconf 85' lang='lat' dir='ltr'><strong>allabores</strong></span> <span class='ocrx_word' id='word_1_40' title='bbox 1488 479 1663 520; x_wconf 77' lang='lat' dir='ltr'><strong><em>Sedulus</em></strong></span> <span class='ocrx_word' id='word_1_41' title='bbox 1692 477 1804 529; x_wconf 81' lang='lat' dir='ltr'><strong>curo]</strong></span> <span class='ocrx_word' id='word_1_42' title='bbox 1844 478 2005 522; x_wconf 85' lang='lat' dir='ltr'><strong>Codicis</strong></span> <span class='ocrx_word' id='word_1_43' title='bbox 2030 478 2248 521; x_wconf 84' lang='lat' dir='ltr'><strong>Bodleiani</strong></span> <span class='ocrx_word' id='word_1_44' title='bbox 2280 490 2404 520; x_wconf 76' lang='lat' dir='ltr'><strong>curae</strong></span> 
     </span>
     <span class='ocr_line' id='line_1_6' title="bbox 337 536 2404 602; baseline 0 -15"><span class='ocrx_word' id='word_1_45' title='bbox 337 547 530 600; x_wconf 76' lang='lat' dir='ltr'><strong>placebat</strong></span> <span class='ocrx_word' id='word_1_46' title='bbox 559 546 685 587; x_wconf 88' lang='lat' dir='ltr'><strong>etiam</strong></span> <span class='ocrx_word' id='word_1_47' title='bbox 713 546 858 588; x_wconf 86' lang='lat' dir='ltr'><strong>Vossio</strong></span> <span class='ocrx_word' id='word_1_48' title='bbox 901 545 1212 600; x_wconf 74' lang='lat' dir='ltr'><strong>Amnerkunqen</strong></span> <span class='ocrx_word' id='word_1_49' title='bbox 1247 547 1334 588; x_wconf 68' lang='lat' dir='ltr'><strong>tend</strong></span> <span class='ocrx_word' id='word_1_50' title='bbox 1372 536 1652 599; x_wconf 75' lang='lat' dir='ltr'><strong>Randqlossen</strong></span> <span class='ocrx_word' id='word_1_51' title='bbox 1683 558 1725 599; x_wconf 91' lang='lat' dir='ltr'><strong>p.</strong></span> <span class='ocrx_word' id='word_1_52' title='bbox 1764 545 1855 586; x_wconf 87' lang='grc'><strong>255.</strong></span> <span class='ocrx_word' id='word_1_53' title='bbox 1917 546 2037 594; x_wconf 85' lang='lat' dir='ltr'><strong>„Oro</strong></span> <span class='ocrx_word' id='word_1_54' title='bbox 2076 546 2234 602; x_wconf 87' lang='lat' dir='ltr'><strong>optime</strong></span> <span class='ocrx_word' id='word_1_55' title='bbox 2272 545 2404 589; x_wconf 85' lang='lat' dir='ltr'><strong>habet</strong></span> 
     </span>
     <span class='ocr_line' id='line_1_7' title="bbox 340 612 2403 657; baseline 0.001 -3"><span class='ocrx_word' id='word_1_56' title='bbox 340 615 440 655; x_wconf 90' lang='lat' dir='ltr'><strong>Cod.</strong></span> <span class='ocrx_word' id='word_1_57' title='bbox 470 613 628 654; x_wconf 87' lang='lat' dir='ltr'><strong>Petrin.</strong></span> <span class='ocrx_word' id='word_1_58' title='bbox 656 614 742 653; x_wconf 88' lang='lat' dir='ltr'><strong>sine</strong></span> <span class='ocrx_word' id='word_1_59' title='bbox 772 615 856 654; x_wconf 87' lang='lat' dir='ltr'><strong>ulla</strong></span> <span class='ocrx_word' id='word_1_60' title='bbox 885 614 1050 654; x_wconf 86' lang='lat' dir='ltr'><strong>litura.&#39;&#39;</strong></span> <span class='ocrx_word' id='word_1_61' title='bbox 1103 615 1302 655; x_wconf 67' lang='lat' dir='ltr'><strong>Bes-rmus</strong></span> <span class='ocrx_word' id='word_1_62' title='bbox 1327 614 1373 654; x_wconf 89' lang='lat' dir='ltr'><strong>in</strong></span> <span class='ocrx_word' id='word_1_63' title='bbox 1401 613 1520 653; x_wconf 85' lang='lat' dir='ltr'><strong>Curis</strong></span> <span class='ocrx_word' id='word_1_64' title='bbox 1548 614 1699 654; x_wconf 87' lang='lat' dir='ltr'><strong>noviss.</strong></span> <span class='ocrx_word' id='word_1_65' title='bbox 1754 612 1837 654; x_wconf 86' lang='lat' dir='ltr'><strong>Sed</strong></span> <span class='ocrx_word' id='word_1_66' title='bbox 1864 612 2035 654; x_wconf 75' lang='lat' dir='ltr'><strong><em>Sedulus</em></strong></span> <span class='ocrx_word' id='word_1_67' title='bbox 2060 628 2131 656; x_wconf 89' lang='lat' dir='ltr'><strong>oro</strong></span> <span class='ocrx_word' id='word_1_68' title='bbox 2162 621 2298 657; x_wconf 87' lang='lat' dir='ltr'><strong>metro</strong></span> <span class='ocrx_word' id='word_1_69' title='bbox 2330 628 2403 657; x_wconf 88' lang='lat' dir='ltr'><strong>re-</strong></span> 
     </span>
     <span class='ocr_line' id='line_1_8' title="bbox 337 679 2402 735; baseline 0.001 -14"><span class='ocrx_word' id='word_1_70' title='bbox 337 686 508 735; x_wconf 80' lang='lat' dir='ltr'><strong>pugnat.</strong></span> <span class='ocrx_word' id='word_1_71' title='bbox 562 681 755 722; x_wconf 82' lang='lat' dir='ltr'><strong>Similiter</strong></span> <span class='ocrx_word' id='word_1_72' title='bbox 794 686 919 733; x_wconf 87' lang='lat' dir='ltr'><strong>atque</strong></span> <span class='ocrx_word' id='word_1_73' title='bbox 953 692 1032 734; x_wconf 84' lang='lat' dir='ltr'><strong>ego</strong></span> <span class='ocrx_word' id='word_1_74' title='bbox 1066 681 1366 735; x_wconf 82' lang='lat' dir='ltr'><strong>interpretatus</strong></span> <span class='ocrx_word' id='word_1_75' title='bbox 1397 684 1461 721; x_wconf 90' lang='lat' dir='ltr'><strong>est</strong></span> <span class='ocrx_word' id='word_1_76' title='bbox 1491 679 1657 721; x_wconf 81' lang='lat' dir='ltr'><strong>Goeller</strong></span> <span class='ocrx_word' id='word_1_77' title='bbox 1682 679 1737 721; x_wconf 86' lang='lat' dir='ltr'><strong>ad</strong></span> <span class='ocrx_word' id='word_1_78' title='bbox 1766 679 1905 720; x_wconf 87' lang='lat' dir='ltr'><strong>Plauti</strong></span> <span class='ocrx_word' id='word_1_79' title='bbox 1935 679 2049 721; x_wconf 87' lang='lat' dir='ltr'><strong>Trin.</strong></span> <span class='ocrx_word' id='word_1_80' title='bbox 2077 694 2118 734; x_wconf 86' lang='lat' dir='ltr'><strong>p.</strong></span> <span class='ocrx_word' id='word_1_81' title='bbox 2146 682 2218 724; x_wconf 80' lang='lat'><strong>69:</strong></span> <span class='ocrx_word' id='word_1_82' title='bbox 2256 680 2402 734; x_wconf 75' lang='lat' dir='ltr'><strong>„mhi</strong></span> 
     </span>
     <span class='ocr_line' id='line_1_9' title="bbox 337 746 2396 802; baseline -0 -12"><span class='ocrx_word' id='word_1_83' title='bbox 337 748 466 790; x_wconf 85' lang='lat' dir='ltr'><strong>verba</strong></span> <span class='ocrx_word' id='word_1_84' title='bbox 497 748 554 789; x_wconf 86' lang='lat' dir='ltr'><strong>ita</strong></span> <span class='ocrx_word' id='word_1_85' title='bbox 578 748 788 802; x_wconf 83' lang='lat' dir='ltr'><strong>iungenda</strong></span> <span class='ocrx_word' id='word_1_86' title='bbox 815 760 905 789; x_wconf 88' lang='lat' dir='ltr'><strong>esse</strong></span> <span class='ocrx_word' id='word_1_87' title='bbox 934 747 1148 789; x_wconf 84' lang='lat' dir='ltr'><strong>videntur:</strong></span> <span class='ocrx_word' id='word_1_88' title='bbox 1190 748 1373 801; x_wconf 80' lang='lat' dir='ltr'><strong>simplici</strong></span> <span class='ocrx_word' id='word_1_89' title='bbox 1403 752 1537 800; x_wconf 70' lang='lat' dir='ltr'><strong>myrto</strong></span> <span class='ocrx_word' id='word_1_90' title='bbox 1572 746 1652 798; x_wconf 85' lang='lat' dir='ltr'><strong>(ut)</strong></span> <span class='ocrx_word' id='word_1_91' title='bbox 1679 746 1883 787; x_wconf 82' lang='lat' dir='ltr'><strong>allabores</strong></span> <span class='ocrx_word' id='word_1_92' title='bbox 1919 747 2107 794; x_wconf 77' lang='lat' dir='ltr'><strong>sedulus,</strong></span> <span class='ocrx_word' id='word_1_93' title='bbox 2145 750 2252 790; x_wconf 76' lang='lat' dir='ltr'><strong>nihil</strong></span> <span class='ocrx_word' id='word_1_94' title='bbox 2283 762 2396 791; x_wconf 82' lang='lat' dir='ltr'><strong>earo.</strong></span> 
     </span>
     <span class='ocr_line' id='line_1_10' title="bbox 338 814 2397 870; baseline 0.001 -14"><span class='ocrx_word' id='word_1_95' title='bbox 338 815 548 870; x_wconf 81' lang='lat' dir='ltr'><strong>Significat</strong></span> <span class='ocrx_word' id='word_1_96' title='bbox 573 822 710 858; x_wconf 89' lang='lat' dir='ltr'><strong>autem</strong></span> <span class='ocrx_word' id='word_1_97' title='bbox 751 829 790 857; x_wconf 85' lang='lat' dir='ltr'><strong>v.</strong></span> <span class='ocrx_word' id='word_1_98' title='bbox 829 815 1013 857; x_wconf 86' lang='lat' dir='ltr'><strong>allaboro</strong></span> <span class='ocrx_word' id='word_1_99' title='bbox 1037 815 1150 870; x_wconf 88' lang='lat' dir='ltr'><strong>idem</strong></span> <span class='ocrx_word' id='word_1_100' title='bbox 1177 815 1312 869; x_wconf 89' lang='lat' dir='ltr'><strong>quod:</strong></span> <span class='ocrx_word' id='word_1_101' title='bbox 1351 820 1565 868; x_wconf 85' lang='lat' dir='ltr'><strong>praeterea</strong></span> <span class='ocrx_word' id='word_1_102' title='bbox 1591 814 1801 861; x_wconf 84' lang='lat' dir='ltr'><strong>laborare,</strong></span> <span class='ocrx_word' id='word_1_103' title='bbox 1832 818 1880 854; x_wconf 91' lang='lat' dir='ltr'><strong>ut</strong></span> <span class='ocrx_word' id='word_1_104' title='bbox 1905 814 2035 867; x_wconf 86' lang='lat' dir='ltr'><strong>Epod.</strong></span> <span class='ocrx_word' id='word_1_105' title='bbox 2063 815 2112 864; x_wconf 90' lang='lat'><strong>8,</strong></span> <span class='ocrx_word' id='word_1_106' title='bbox 2141 815 2233 856; x_wconf 64' lang='lat'><strong>203’</strong></span> <span class='ocrx_word' id='word_1_107' title='bbox 2272 822 2314 858; x_wconf 86' lang='lat' dir='ltr'><strong>et</strong></span> <span class='ocrx_word' id='word_1_108' title='bbox 2338 819 2397 859; x_wconf 87' lang='lat' dir='ltr'><strong>sic</strong></span> 
     </span>
     <span class='ocr_line' id='line_1_11' title="bbox 334 882 1634 941; baseline -0.002 -17"><span class='ocrx_word' id='word_1_109' title='bbox 334 884 417 925; x_wconf 92' lang='lat' dir='ltr'><strong>iam</strong></span> <span class='ocrx_word' id='word_1_110' title='bbox 445 884 599 932; x_wconf 59' lang='lat' dir='ltr'><strong>‚Preiss:</strong></span> <span class='ocrx_word' id='word_1_111' title='bbox 637 884 765 934; x_wconf 88' lang='lat' dir='ltr'><strong>„Non</strong></span> <span class='ocrx_word' id='word_1_112' title='bbox 796 895 920 934; x_wconf 77' lang='lat' dir='ltr'><strong>cui-0,</strong></span> <span class='ocrx_word' id='word_1_113' title='bbox 949 888 996 925; x_wconf 92' lang='lat' dir='ltr'><strong>ut</strong></span> <span class='ocrx_word' id='word_1_114' title='bbox 1021 882 1248 938; x_wconf 85' lang='lat' dir='ltr'><strong>quidquam</strong></span> <span class='ocrx_word' id='word_1_115' title='bbox 1278 882 1527 924; x_wconf 90' lang='lat' dir='ltr'><strong>allabores.”</strong></span> <span class='ocrx_word' id='word_1_116' title='bbox 1630 938 1634 941; x_wconf 13' lang='grc' dir='ltr'><strong><em>ν</em></strong></span> 
     </span>
    </p>

    <p class='ocr_par' dir='ltr' id='par_1_4' title="bbox 336 949 2402 1073">
     <span class='ocr_line' id='line_1_12' title="bbox 435 949 2402 1005; baseline 0 -13"><span class='ocrx_word' id='word_1_117' title='bbox 435 953 529 994; x_wconf 87' lang='lat' dir='ltr'><strong>LIB.</strong></span> <span class='ocrx_word' id='word_1_118' title='bbox 558 953 609 993; x_wconf 86' lang='lat'><strong>11.</strong></span> <span class='ocrx_word' id='word_1_119' title='bbox 639 952 726 994; x_wconf 90' lang='lat' dir='ltr'><strong>OD.</strong></span> <span class='ocrx_word' id='word_1_120' title='bbox 760 953 793 992; x_wconf 86' lang='lat'><strong>1.</strong></span> <span class='ocrx_word' id='word_1_121' title='bbox 824 964 864 992; x_wconf 87' lang='lat' dir='ltr'><strong>v.</strong></span> <span class='ocrx_word' id='word_1_122' title='bbox 897 952 936 993; x_wconf 81' lang='lat'><strong>2.</strong></span> <span class='ocrx_word' id='word_1_123' title='bbox 977 957 1016 993; x_wconf 82' lang='lat' dir='ltr'><strong>et</strong></span> <span class='ocrx_word' id='word_1_124' title='bbox 1031 950 1150 1005; x_wconf 80' lang='lat' dir='ltr'><strong>vitia]</strong></span> <span class='ocrx_word' id='word_1_125' title='bbox 1177 950 1262 992; x_wconf 82' lang='lat' dir='ltr'><strong>Cfr.</strong></span> <span class='ocrx_word' id='word_1_126' title='bbox 1299 950 1384 991; x_wconf 85' lang='lat' dir='ltr'><strong>Cic.</strong></span> <span class='ocrx_word' id='word_1_127' title='bbox 1410 949 1464 991; x_wconf 87' lang='lat' dir='ltr'><strong>ad</strong></span> <span class='ocrx_word' id='word_1_128' title='bbox 1490 951 1602 990; x_wconf 87' lang='lat' dir='ltr'><strong>Fam.</strong></span> <span class='ocrx_word' id='word_1_129' title='bbox 1633 949 1703 998; x_wconf 88' lang='grc'><strong>16,</strong></span> <span class='ocrx_word' id='word_1_130' title='bbox 1735 950 1805 989; x_wconf 78' lang='lat' dir='ltr'><strong>ll:</strong></span> <span class='ocrx_word' id='word_1_131' title='bbox 1842 950 1917 990; x_wconf 80' lang='lat' dir='ltr'><strong>Cn.</strong></span> <span class='ocrx_word' id='word_1_132' title='bbox 1945 950 2162 1003; x_wconf 85' lang='lat' dir='ltr'><strong>Pompeius</strong></span> <span class='ocrx_word' id='word_1_133' title='bbox 2189 951 2402 992; x_wconf 87' lang='lat' dir='ltr'><strong>Caesarem</strong></span> 
     </span>
     <span class='ocr_line' id='line_1_13' title="bbox 336 1016 1912 1073; baseline -0.001 -13"><span class='ocrx_word' id='word_1_134' title='bbox 336 1033 422 1061; x_wconf 90' lang='lat' dir='ltr'><strong>sero</strong></span> <span class='ocrx_word' id='word_1_135' title='bbox 448 1021 575 1073; x_wconf 84' lang='lat' dir='ltr'><strong>coepit</strong></span> <span class='ocrx_word' id='word_1_136' title='bbox 604 1021 756 1061; x_wconf 85' lang='lat' dir='ltr'><strong>timere.</strong></span> <span class='ocrx_word' id='word_1_137' title='bbox 794 1019 857 1061; x_wconf 87' lang='lat' dir='ltr'><strong>Ad</strong></span> <span class='ocrx_word' id='word_1_138' title='bbox 883 1021 966 1061; x_wconf 82' lang='lat' dir='ltr'><strong>Att.</strong></span> <span class='ocrx_word' id='word_1_139' title='bbox 996 1020 1044 1069; x_wconf 86' lang='lat'><strong>9,</strong></span> <span class='ocrx_word' id='word_1_140' title='bbox 1072 1020 1142 1069; x_wconf 87' lang='grc'><strong>10,</strong></span> <span class='ocrx_word' id='word_1_141' title='bbox 1167 1018 1206 1060; x_wconf 87' lang='grc'><strong>6.</strong></span> <span class='ocrx_word' id='word_1_142' title='bbox 1256 1017 1365 1059; x_wconf 83' lang='lat' dir='ltr'><strong>lbid.</strong></span> <span class='ocrx_word' id='word_1_143' title='bbox 1393 1018 1464 1067; x_wconf 89' lang='grc'><strong>11,</strong></span> <span class='ocrx_word' id='word_1_144' title='bbox 1492 1018 1532 1058; x_wconf 86' lang='lat'><strong>5.</strong></span> <span class='ocrx_word' id='word_1_145' title='bbox 1571 1016 1679 1059; x_wconf 84' lang='lat' dir='ltr'><strong>lbid.</strong></span> <span class='ocrx_word' id='word_1_146' title='bbox 1709 1018 1773 1066; x_wconf 88' lang='grc'><strong>11,</strong></span> <span class='ocrx_word' id='word_1_147' title='bbox 1801 1017 1840 1067; x_wconf 88' lang='grc'><strong>6,</strong></span> <span class='ocrx_word' id='word_1_148' title='bbox 1873 1018 1912 1058; x_wconf 81' lang='grc'><strong>2.</strong></span> 
     </span>
    </p>

    <p class='ocr_par' dir='ltr' id='par_1_5' title="bbox 335 1084 2400 1202">
     <span class='ocr_line' id='line_1_14' title="bbox 435 1084 2400 1140; baseline 0 -13"><span class='ocrx_word' id='word_1_149' title='bbox 435 1089 525 1127; x_wconf 75' lang='lat' dir='ltr'><strong>lam.</strong></span> <span class='ocrx_word' id='word_1_150' title='bbox 559 1099 598 1127; x_wconf 90' lang='lat' dir='ltr'><strong>v.</strong></span> <span class='ocrx_word' id='word_1_151' title='bbox 628 1087 667 1127; x_wconf 72' lang='lat' dir='ltr'><strong>lt.</strong></span> <span class='ocrx_word' id='word_1_152' title='bbox 705 1087 946 1140; x_wconf 78' lang='lat' dir='ltr'><strong>Principum</strong></span> <span class='ocrx_word' id='word_1_153' title='bbox 983 1087 1189 1127; x_wconf 74' lang='lat' dir='ltr'><strong>amicitias</strong></span> <span class='ocrx_word' id='word_1_154' title='bbox 1227 1091 1265 1126; x_wconf 88' lang='lat' dir='ltr'><strong>et</strong></span> <span class='ocrx_word' id='word_1_155' title='bbox 1294 1084 1428 1137; x_wconf 83' lang='lat' dir='ltr'><strong>arma]</strong></span> <span class='ocrx_word' id='word_1_156' title='bbox 1469 1084 1554 1125; x_wconf 82' lang='lat' dir='ltr'><strong>crr.</strong></span> <span class='ocrx_word' id='word_1_157' title='bbox 1583 1084 1668 1125; x_wconf 86' lang='lat' dir='ltr'><strong>Cic.</strong></span> <span class='ocrx_word' id='word_1_158' title='bbox 1697 1084 1878 1138; x_wconf 87' lang='lat' dir='ltr'><strong>Philipp.</strong></span> <span class='ocrx_word' id='word_1_159' title='bbox 1915 1085 1962 1134; x_wconf 89' lang='grc'><strong>2,</strong></span> <span class='ocrx_word' id='word_1_160' title='bbox 2001 1085 2071 1135; x_wconf 88' lang='grc'><strong>10,</strong></span> <span class='ocrx_word' id='word_1_161' title='bbox 2104 1086 2170 1126; x_wconf 81' lang='grc'><strong>25.</strong></span> <span class='ocrx_word' id='word_1_162' title='bbox 2216 1088 2400 1127; x_wconf 87' lang='lat' dir='ltr'><strong>Caelium</strong></span> 
     </span>
     <span class='ocr_line' id='line_1_15' title="bbox 335 1154 774 1202; baseline -0.002 -7"><span class='ocrx_word' id='word_1_163' title='bbox 335 1154 388 1195; x_wconf 89' lang='lat' dir='ltr'><strong>ad</strong></span> <span class='ocrx_word' id='word_1_164' title='bbox 418 1155 527 1196; x_wconf 86' lang='lat' dir='ltr'><strong>Fam.</strong></span> <span class='ocrx_word' id='word_1_165' title='bbox 556 1155 705 1202; x_wconf 78' lang='grc' dir='ltr'><strong>8,1ῑι,</strong></span> <span class='ocrx_word' id='word_1_166' title='bbox 735 1154 774 1194; x_wconf 92' lang='grc'><strong>2.</strong></span> 
     </span>
    </p>

    <p class='ocr_par' dir='ltr' id='par_1_6' title="bbox 330 1218 2399 1344">
     <span class='ocr_line' id='line_1_16' title="bbox 432 1218 2399 1275; baseline 0.001 -13"><span class='ocrx_word' id='word_1_167' title='bbox 432 1223 526 1262; x_wconf 82' lang='lat' dir='ltr'><strong>hun.</strong></span> <span class='ocrx_word' id='word_1_168' title='bbox 555 1234 595 1262; x_wconf 91' lang='lat' dir='ltr'><strong>v.</strong></span> <span class='ocrx_word' id='word_1_169' title='bbox 629 1222 668 1261; x_wconf 87' lang='grc'><strong>5.</strong></span> <span class='ocrx_word' id='word_1_170' title='bbox 710 1221 939 1274; x_wconf 84' lang='lat' dir='ltr'><strong>cruoribus]</strong></span> <span class='ocrx_word' id='word_1_171' title='bbox 975 1221 1225 1274; x_wconf 82' lang='lat' dir='ltr'><strong>„Sanguine</strong></span> <span class='ocrx_word' id='word_1_172' title='bbox 1258 1221 1399 1261; x_wconf 89' lang='lat' dir='ltr'><strong>multis</strong></span> <span class='ocrx_word' id='word_1_173' title='bbox 1428 1221 1531 1261; x_wconf 88' lang='lat' dir='ltr'><strong>locis</strong></span> <span class='ocrx_word' id='word_1_174' title='bbox 1554 1232 1604 1260; x_wconf 91' lang='lat' dir='ltr'><strong>ac</strong></span> <span class='ocrx_word' id='word_1_175' title='bbox 1630 1231 1758 1273; x_wconf 80' lang='lat' dir='ltr'><strong>saepe</strong></span> <span class='ocrx_word' id='word_1_176' title='bbox 1790 1220 1960 1261; x_wconf 79' lang='lat' dir='ltr'><strong>effuso.”</strong></span> <span class='ocrx_word' id='word_1_177' title='bbox 2011 1218 2080 1261; x_wconf 88' lang='lat' dir='ltr'><strong>Sic</strong></span> <span class='ocrx_word' id='word_1_178' title='bbox 2106 1221 2281 1275; x_wconf 78' lang='grc' dir='ltr'><em>αἵματα</em></span> <span class='ocrx_word' id='word_1_179' title='bbox 2313 1223 2399 1264; x_wconf 77' lang='lat' dir='ltr'><strong>fre·</strong></span> 
     </span>
     <span class='ocr_line' id='line_1_17' title="bbox 330 1284 2395 1344; baseline 0.001 -16"><span class='ocrx_word' id='word_1_180' title='bbox 330 1289 643 1340; x_wconf 83' lang='lat' dir='ltr'><strong>quentissimum</strong></span> <span class='ocrx_word' id='word_1_181' title='bbox 661 1294 725 1328; x_wconf 88' lang='lat' dir='ltr'><strong>est</strong></span> <span class='ocrx_word' id='word_1_182' title='bbox 742 1289 854 1340; x_wconf 90' lang='lat' dir='ltr'><strong>apud</strong></span> <span class='ocrx_word' id='word_1_183' title='bbox 871 1288 1083 1340; x_wconf 83' lang='lat' dir='ltr'><strong>Tragicos.</strong></span> <span class='ocrx_word' id='word_1_184' title='bbox 1111 1288 1304 1340; x_wconf 84' lang='lat' dir='ltr'><strong>Aeschyl.</strong></span> <span class='ocrx_word' id='word_1_185' title='bbox 1324 1288 1469 1339; x_wconf 90' lang='lat' dir='ltr'><strong>Suppl.</strong></span> <span class='ocrx_word' id='word_1_186' title='bbox 1489 1287 1585 1327; x_wconf 74' lang='lat'><strong>262:</strong></span> <span class='ocrx_word' id='word_1_187' title='bbox 1607 1288 1819 1329; x_wconf 76' lang='grc' dir='ltr'><strong>παλαιῶν</strong></span> <span class='ocrx_word' id='word_1_188' title='bbox 1835 1286 2044 1341; x_wconf 78' lang='grc' dir='ltr'><em>αἱμάτων</em></span> <span class='ocrx_word' id='word_1_189' title='bbox 2058 1284 2294 1344; x_wconf 79' lang='grc' dir='ltr'><em>μιάσμασι</em></span> <span class='ocrx_word' id='word_1_190' title='bbox 2311 1297 2395 1330; x_wconf 89' lang='lat' dir='ltr'><strong>cet.</strong></span> 
     </span>
    </p>

    <p class='ocr_par' dir='ltr' id='par_1_7' title="bbox 330 1353 2400 1530">
     <span class='ocr_line' id='line_1_18' title="bbox 430 1353 2395 1408; baseline 0.002 -13"><span class='ocrx_word' id='word_1_191' title='bbox 430 1357 524 1395; x_wconf 70' lang='lat' dir='ltr'><strong>lam.</strong></span> <span class='ocrx_word' id='word_1_192' title='bbox 562 1368 602 1395; x_wconf 76' lang='grc' dir='ltr'><strong>ν.</strong></span> <span class='ocrx_word' id='word_1_193' title='bbox 631 1354 670 1396; x_wconf 86' lang='grc'><strong>6.</strong></span> <span class='ocrx_word' id='word_1_194' title='bbox 711 1355 969 1395; x_wconf 76' lang='lat' dir='ltr'><strong>Periculosae</strong></span> <span class='ocrx_word' id='word_1_195' title='bbox 988 1354 1158 1406; x_wconf 83' lang='lat' dir='ltr'><strong>plenum</strong></span> <span class='ocrx_word' id='word_1_196' title='bbox 1181 1366 1282 1406; x_wconf 81' lang='lat' dir='ltr'><strong>opas</strong></span> <span class='ocrx_word' id='word_1_197' title='bbox 1309 1353 1436 1406; x_wconf 79' lang='lat' dir='ltr'><strong>aleae]</strong></span> <span class='ocrx_word' id='word_1_198' title='bbox 1462 1353 1649 1404; x_wconf 91' lang='lat' dir='ltr'><strong>Pollioni,</strong></span> <span class='ocrx_word' id='word_1_199' title='bbox 1678 1355 1769 1395; x_wconf 80' lang='lat' dir='ltr'><strong>viro</strong></span> <span class='ocrx_word' id='word_1_200' title='bbox 1795 1354 1983 1408; x_wconf 88' lang='lat' dir='ltr'><strong>quamvis</strong></span> <span class='ocrx_word' id='word_1_201' title='bbox 2008 1354 2140 1396; x_wconf 83' lang='lat' dir='ltr'><strong>feroci</strong></span> <span class='ocrx_word' id='word_1_202' title='bbox 2153 1355 2267 1407; x_wconf 77' lang='lat' dir='ltr'><strong>crac.</strong></span> <span class='ocrx_word' id='word_1_203' title='bbox 2288 1357 2395 1398; x_wconf 83' lang='lat' dir='ltr'><strong>Anu.</strong></span> 
     </span>
     <span class='ocr_line' id='line_1_19' title="bbox 340 1420 2400 1476; baseline 0.001 -14"><span class='ocrx_word' id='word_1_204' title='bbox 340 1424 359 1463; x_wconf 83' lang='grc'><strong>1</strong></span> <span class='ocrx_word' id='word_1_205' title='bbox 378 1454 389 1471; x_wconf 88' lang='grc'><strong>,</strong></span> <span class='ocrx_word' id='word_1_206' title='bbox 423 1423 505 1474; x_wconf 90' lang='grc'><strong>12.)</strong></span> <span class='ocrx_word' id='word_1_207' title='bbox 520 1452 530 1470; x_wconf 93' lang='grc'><strong>,</strong></span> <span class='ocrx_word' id='word_1_208' title='bbox 564 1426 661 1462; x_wconf 83' lang='lat' dir='ltr'><strong>ante</strong></span> <span class='ocrx_word' id='word_1_209' title='bbox 688 1432 831 1462; x_wconf 83' lang='lat' dir='ltr'><strong>omnes</strong></span> <span class='ocrx_word' id='word_1_210' title='bbox 857 1420 1144 1474; x_wconf 83' lang='lat' dir='ltr'><strong>respiciendus</strong></span> <span class='ocrx_word' id='word_1_211' title='bbox 1160 1425 1253 1462; x_wconf 86' lang='lat' dir='ltr'><strong>erat</strong></span> <span class='ocrx_word' id='word_1_212' title='bbox 1269 1421 1524 1463; x_wconf 87' lang='lat' dir='ltr'><strong>Octavianus</strong></span> <span class='ocrx_word' id='word_1_213' title='bbox 1550 1421 1653 1474; x_wconf 87' lang='lat' dir='ltr'><strong>ipse,</strong></span> <span class='ocrx_word' id='word_1_214' title='bbox 1683 1422 1859 1463; x_wconf 80' lang='lat' dir='ltr'><strong>maxime</strong></span> <span class='ocrx_word' id='word_1_215' title='bbox 1886 1427 2060 1476; x_wconf 81' lang='lat' dir='ltr'><strong>propter</strong></span> <span class='ocrx_word' id='word_1_216' title='bbox 2086 1423 2400 1476; x_wconf 80' lang='lat' dir='ltr'><strong>proscriptionis</strong></span> 
     </span>
     <span class='ocr_line' id='line_1_20' title="bbox 330 1489 554 1530; baseline -0.004 0"><span class='ocrx_word' id='word_1_217' title='bbox 330 1489 554 1530; x_wconf 79' lang='lat' dir='ltr'><strong>infamiam.</strong></span> 
     </span>
    </p>

    <p class='ocr_par' dir='ltr' id='par_1_8' title="bbox 330 1555 2389 1678">
     <span class='ocr_line' id='line_1_21' title="bbox 412 1555 2389 1609; baseline 0.001 -13"><span class='ocrx_word' id='word_1_218' title='bbox 412 1558 523 1597; x_wconf 73' lang='lat' dir='ltr'><strong>lum.</strong></span> <span class='ocrx_word' id='word_1_219' title='bbox 556 1569 596 1597; x_wconf 81' lang='lat' dir='ltr'><strong>v.</strong></span> <span class='ocrx_word' id='word_1_220' title='bbox 627 1556 690 1597; x_wconf 89' lang='grc'><strong>10.</strong></span> <span class='ocrx_word' id='word_1_221' title='bbox 716 1557 904 1609; x_wconf 75' lang='lat' dir='ltr'><strong>publicas</strong></span> <span class='ocrx_word' id='word_1_222' title='bbox 923 1556 1014 1609; x_wconf 85' lang='lat' dir='ltr'><strong>Res]</strong></span> <span class='ocrx_word' id='word_1_223' title='bbox 1036 1556 1121 1597; x_wconf 88' lang='lat' dir='ltr'><strong>Cic.</strong></span> <span class='ocrx_word' id='word_1_224' title='bbox 1142 1555 1196 1597; x_wconf 91' lang='lat' dir='ltr'><strong>de</strong></span> <span class='ocrx_word' id='word_1_225' title='bbox 1222 1555 1296 1597; x_wconf 89' lang='lat' dir='ltr'><strong>Or.</strong></span> <span class='ocrx_word' id='word_1_226' title='bbox 1323 1557 1359 1604; x_wconf 88' lang='grc'><strong>1,</strong></span> <span class='ocrx_word' id='word_1_227' title='bbox 1390 1557 1460 1604; x_wconf 89' lang='grc'><strong>11,</strong></span> <span class='ocrx_word' id='word_1_228' title='bbox 1489 1557 1562 1596; x_wconf 68' lang='lat'><strong>1⁸8:</strong></span> <span class='ocrx_word' id='word_1_229' title='bbox 1595 1559 1683 1597; x_wconf 77' lang='lat' dir='ltr'><strong>sine</strong></span> <span class='ocrx_word' id='word_1_230' title='bbox 1708 1558 1839 1597; x_wconf 80' lang='lat' dir='ltr'><strong>multa</strong></span> <span class='ocrx_word' id='word_1_231' title='bbox 1864 1558 2179 1609; x_wconf 78' lang='lat' dir='ltr'><strong>pertractatione</strong></span> <span class='ocrx_word' id='word_1_232' title='bbox 2207 1560 2389 1598; x_wconf 79' lang='lat' dir='ltr'><strong>omnium</strong></span> 
     </span>
     <span class='ocr_line' id='line_1_22' title="bbox 330 1624 873 1678; baseline 0 -14"><span class='ocrx_word' id='word_1_233' title='bbox 330 1637 501 1666; x_wconf 80' lang='lat' dir='ltr'><strong>rerum</strong></span> <span class='ocrx_word' id='word_1_234' title='bbox 527 1624 873 1678; x_wconf 81' lang='lat' dir='ltr'><strong>publicar-um.</strong></span> 
     </span>
    </p>

    <p class='ocr_par' dir='ltr' id='par_1_9' title="bbox 331 1691 2397 1802">
     <span class='ocr_line' id='line_1_23' title="bbox 433 1691 2397 1746; baseline 0.001 -13"><span class='ocrx_word' id='word_1_235' title='bbox 433 1694 527 1734; x_wconf 78' lang='lat' dir='ltr'><strong>lum.</strong></span> <span class='ocrx_word' id='word_1_236' title='bbox 568 1706 608 1733; x_wconf 87' lang='lat' dir='ltr'><strong>v.</strong></span> <span class='ocrx_word' id='word_1_237' title='bbox 635 1693 696 1733; x_wconf 87' lang='grc'><strong>15.</strong></span> <span class='ocrx_word' id='word_1_238' title='bbox 738 1692 988 1745; x_wconf 66' lang='lat' dir='ltr'><strong>Delmatico}</strong></span> <span class='ocrx_word' id='word_1_239' title='bbox 1014 1692 1079 1733; x_wconf 89' lang='lat' dir='ltr'><strong>Ad</strong></span> <span class='ocrx_word' id='word_1_240' title='bbox 1105 1692 1355 1746; x_wconf 88' lang='lat' dir='ltr'><strong>scripturam</strong></span> <span class='ocrx_word' id='word_1_241' title='bbox 1384 1692 1462 1733; x_wconf 79' lang='lat' dir='ltr'><strong>cfr.</strong></span> <span class='ocrx_word' id='word_1_242' title='bbox 1493 1694 1658 1734; x_wconf 87' lang='lat' dir='ltr'><strong>Gruter.</strong></span> <span class='ocrx_word' id='word_1_243' title='bbox 1689 1705 1730 1745; x_wconf 91' lang='lat' dir='ltr'><strong>p.</strong></span> <span class='ocrx_word' id='word_1_244' title='bbox 1763 1691 1903 1733; x_wconf 85' lang='lat' dir='ltr'><strong>XCVI.</strong></span> <span class='ocrx_word' id='word_1_245' title='bbox 1940 1693 1975 1733; x_wconf 88' lang='grc'><strong>1.</strong></span> <span class='ocrx_word' id='word_1_246' title='bbox 2000 1692 2045 1733; x_wconf 92' lang='lat' dir='ltr'><strong>in</strong></span> <span class='ocrx_word' id='word_1_247' title='bbox 2064 1692 2335 1746; x_wconf 87' lang='lat' dir='ltr'><strong>inscriptione</strong></span> <span class='ocrx_word' id='word_1_248' title='bbox 2358 1705 2397 1735; x_wconf 89' lang='lat' dir='ltr'><strong>a.</strong></span> 
     </span>
     <span class='ocr_line' id='line_1_24' title="bbox 331 1758 1117 1802; baseline 0.001 -1"><span class='ocrx_word' id='word_1_249' title='bbox 331 1772 374 1801; x_wconf 87' lang='lat' dir='ltr'><strong>u.</strong></span> <span class='ocrx_word' id='word_1_250' title='bbox 406 1772 444 1800; x_wconf 92' lang='lat' dir='ltr'><strong>c.</strong></span> <span class='ocrx_word' id='word_1_251' title='bbox 468 1760 582 1801; x_wconf 85' lang='lat'><strong>765.:</strong></span> <span class='ocrx_word' id='word_1_252' title='bbox 610 1760 775 1801; x_wconf 85' lang='lat' dir='ltr'>BELLO</span> <span class='ocrx_word' id='word_1_253' title='bbox 804 1758 1117 1802; x_wconf 81' lang='lat' dir='ltr'><strong>DELMATICO.</strong></span> 
     </span>
    </p>

    <p class='ocr_par' dir='ltr' id='par_1_10' title="bbox 317 1826 2398 2150">
     <span class='ocr_line' id='line_1_25' title="bbox 431 1826 2398 1881; baseline 0.001 -14"><span class='ocrx_word' id='word_1_254' title='bbox 431 1828 525 1868; x_wconf 73' lang='lat' dir='ltr'><strong>lem.</strong></span> <span class='ocrx_word' id='word_1_255' title='bbox 570 1840 611 1868; x_wconf 88' lang='lat' dir='ltr'><strong>v.</strong></span> <span class='ocrx_word' id='word_1_256' title='bbox 642 1827 704 1868; x_wconf 86' lang='grc'><strong>19.</strong></span> <span class='ocrx_word' id='word_1_257' title='bbox 747 1826 928 1881; x_wconf 77' lang='lat' dir='ltr'><strong>suqaces]</strong></span> <span class='ocrx_word' id='word_1_258' title='bbox 966 1827 1223 1881; x_wconf 84' lang='lat' dir='ltr'><strong>Porphyrio:</strong></span> <span class='ocrx_word' id='word_1_259' title='bbox 1267 1829 1386 1876; x_wconf 90' lang='lat' dir='ltr'><strong>„Pro</strong></span> <span class='ocrx_word' id='word_1_260' title='bbox 1416 1827 1631 1868; x_wconf 87' lang='lat' dir='ltr'><strong>velocibus</strong></span> <span class='ocrx_word' id='word_1_261' title='bbox 1661 1828 1828 1880; x_wconf 89' lang='lat' dir='ltr'><strong>accipe;</strong></span> <span class='ocrx_word' id='word_1_262' title='bbox 1875 1833 1918 1868; x_wconf 90' lang='lat' dir='ltr'><strong>et</strong></span> <span class='ocrx_word' id='word_1_263' title='bbox 1955 1827 1999 1867; x_wconf 88' lang='lat' dir='ltr'><strong>in</strong></span> <span class='ocrx_word' id='word_1_264' title='bbox 2035 1839 2225 1869; x_wconf 88' lang='lat' dir='ltr'><strong>sermone</strong></span> <span class='ocrx_word' id='word_1_265' title='bbox 2253 1829 2398 1869; x_wconf 85' lang='lat' dir='ltr'><strong>hodie-</strong></span> 
     </span>
     <span class='ocr_line' id='line_1_26' title="bbox 329 1895 2391 1949; baseline 0 -15"><span class='ocrx_word' id='word_1_266' title='bbox 329 1906 411 1946; x_wconf 89' lang='lat' dir='ltr'><strong>que</strong></span> <span class='ocrx_word' id='word_1_267' title='bbox 433 1895 578 1947; x_wconf 74' lang='lat' dir='ltr'><strong>fuqam</strong></span> <span class='ocrx_word' id='word_1_268' title='bbox 600 1906 676 1947; x_wconf 80' lang='lat' dir='ltr'><strong>pro</strong></span> <span class='ocrx_word' id='word_1_269' title='bbox 709 1895 930 1935; x_wconf 87' lang='lat' dir='ltr'><strong>velocitate</strong></span> <span class='ocrx_word' id='word_1_270' title='bbox 957 1895 1156 1943; x_wconf 87' lang='lat' dir='ltr'><strong>dicimus,</strong></span> <span class='ocrx_word' id='word_1_271' title='bbox 1191 1908 1287 1935; x_wconf 92' lang='lat' dir='ltr'><strong>cum</strong></span> <span class='ocrx_word' id='word_1_272' title='bbox 1317 1895 1371 1936; x_wconf 89' lang='lat' dir='ltr'><strong>de</strong></span> <span class='ocrx_word' id='word_1_273' title='bbox 1397 1896 1516 1946; x_wconf 89' lang='lat' dir='ltr'><strong>equis</strong></span> <span class='ocrx_word' id='word_1_274' title='bbox 1544 1895 1794 1947; x_wconf 86' lang='lat' dir='ltr'><strong>loquimur.”</strong></span> <span class='ocrx_word' id='word_1_275' title='bbox 1846 1895 2020 1948; x_wconf 87' lang='lat' dir='ltr'><strong>Accepit</strong></span> <span class='ocrx_word' id='word_1_276' title='bbox 2046 1907 2146 1949; x_wconf 86' lang='lat' dir='ltr'><strong>ergo</strong></span> <span class='ocrx_word' id='word_1_277' title='bbox 2175 1906 2251 1947; x_wconf 92' lang='lat' dir='ltr'><strong>pro</strong></span> <span class='ocrx_word' id='word_1_278' title='bbox 2287 1896 2391 1936; x_wconf 88' lang='lat' dir='ltr'><strong>Gall.</strong></span> 
     </span>
     <span class='ocr_line' id='line_1_27' title="bbox 330 1959 2395 2015; baseline 0 -13"><span class='ocrx_word' id='word_1_279' title='bbox 330 1960 558 2014; x_wconf 73' lang='lat' dir='ltr'><strong>fouqueuae,</strong></span> <span class='ocrx_word' id='word_1_280' title='bbox 592 1960 787 2015; x_wconf 72' lang='lat' dir='ltr'><strong>(seuque,</strong></span> <span class='ocrx_word' id='word_1_281' title='bbox 829 1961 920 2001; x_wconf 90' lang='lat' dir='ltr'><strong>Ital.</strong></span> <span class='ocrx_word' id='word_1_282' title='bbox 947 1959 1095 2015; x_wconf 56' lang='lat' dir='ltr'><strong>logia),-</strong></span> <span class='ocrx_word' id='word_1_283' title='bbox 1134 1961 1208 2002; x_wconf 90' lang='lat' dir='ltr'><strong>sed</strong></span> <span class='ocrx_word' id='word_1_284' title='bbox 1239 1966 1283 2001; x_wconf 88' lang='lat' dir='ltr'><strong>et</strong></span> <span class='ocrx_word' id='word_1_285' title='bbox 1309 1962 1514 2001; x_wconf 86' lang='lat' dir='ltr'><strong>sententia</strong></span> <span class='ocrx_word' id='word_1_286' title='bbox 1544 1961 1636 2013; x_wconf 89' lang='lat' dir='ltr'><strong>ipsa</strong></span> <span class='ocrx_word' id='word_1_287' title='bbox 1668 1966 1711 2000; x_wconf 92' lang='lat' dir='ltr'><strong>et</strong></span> <span class='ocrx_word' id='word_1_288' title='bbox 1740 1962 1897 2001; x_wconf 82' lang='lat' dir='ltr'><strong>Horatii</strong></span> <span class='ocrx_word' id='word_1_289' title='bbox 1924 1961 2179 2001; x_wconf 84' lang='lat' dir='ltr'><strong>consuetudo</strong></span> <span class='ocrx_word' id='word_1_290' title='bbox 2208 1961 2288 2002; x_wconf 87' lang='lat' dir='ltr'><strong>hoc</strong></span> <span class='ocrx_word' id='word_1_291' title='bbox 2319 1961 2395 2002; x_wconf 87' lang='lat' dir='ltr'><strong>ad-</strong></span> 
     </span>
     <span class='ocr_line' id='line_1_28' title="bbox 317 2026 2392 2081; baseline -0.001 -12"><span class='ocrx_word' id='word_1_292' title='bbox 317 2029 495 2069; x_wconf 85' lang='lat' dir='ltr'><strong>mittere</strong></span> <span class='ocrx_word' id='word_1_293' title='bbox 525 2039 609 2069; x_wconf 88' lang='lat' dir='ltr'><strong>non</strong></span> <span class='ocrx_word' id='word_1_294' title='bbox 633 2029 811 2069; x_wconf 88' lang='lat' dir='ltr'><strong>videtur.</strong></span> <span class='ocrx_word' id='word_1_295' title='bbox 866 2028 998 2068; x_wconf 85' lang='lat' dir='ltr'><strong>Aliter</strong></span> <span class='ocrx_word' id='word_1_296' title='bbox 1027 2037 1095 2068; x_wconf 89' lang='lat' dir='ltr'><strong>res</strong></span> <span class='ocrx_word' id='word_1_297' title='bbox 1121 2039 1166 2067; x_wconf 88' lang='lat' dir='ltr'><strong>se</strong></span> <span class='ocrx_word' id='word_1_298' title='bbox 1197 2027 1325 2067; x_wconf 89' lang='lat' dir='ltr'><strong>habet</strong></span> <span class='ocrx_word' id='word_1_299' title='bbox 1349 2026 1462 2078; x_wconf 87' lang='lat' dir='ltr'><strong>apud</strong></span> <span class='ocrx_word' id='word_1_300' title='bbox 1488 2027 1704 2066; x_wconf 84' lang='lat' dir='ltr'><strong>Senecam.</strong></span> <span class='ocrx_word' id='word_1_301' title='bbox 1761 2027 1993 2068; x_wconf 85' lang='lat' dir='ltr'><strong>Gronovius</strong></span> <span class='ocrx_word' id='word_1_302' title='bbox 2018 2028 2072 2068; x_wconf 84' lang='lat' dir='ltr'><strong>ad</strong></span> <span class='ocrx_word' id='word_1_303' title='bbox 2096 2026 2267 2081; x_wconf 73' lang='lat' dir='ltr'><strong>Thyest.</strong></span> <span class='ocrx_word' id='word_1_304' title='bbox 2293 2028 2392 2070; x_wconf 75' lang='lat'><strong>629:</strong></span> 
     </span>
     <span class='ocr_line' id='line_1_29' title="bbox 332 2093 2233 2150; baseline 0 -14"><span class='ocrx_word' id='word_1_305' title='bbox 332 2097 489 2150; x_wconf 65' lang='lat' dir='ltr'><strong>„Fuga</strong></span> <span class='ocrx_word' id='word_1_306' title='bbox 511 2096 609 2136; x_wconf 91' lang='lat' dir='ltr'><strong>huic</strong></span> <span class='ocrx_word' id='word_1_307' title='bbox 628 2095 819 2149; x_wconf 84' lang='lat' dir='ltr'><strong>scriptori</strong></span> <span class='ocrx_word' id='word_1_308' title='bbox 844 2094 1014 2147; x_wconf 83' lang='lat' dir='ltr'><strong>quaevis</strong></span> <span class='ocrx_word' id='word_1_309' title='bbox 1044 2095 1165 2135; x_wconf 89' lang='lat' dir='ltr'><strong>velox</strong></span> <span class='ocrx_word' id='word_1_310' title='bbox 1193 2093 1282 2134; x_wconf 86' lang='lat' dir='ltr'><strong>itio.</strong></span> <span class='ocrx_word' id='word_1_311' title='bbox 1337 2093 1472 2134; x_wconf 81' lang='lat' dir='ltr'><strong>Habet</strong></span> <span class='ocrx_word' id='word_1_312' title='bbox 1494 2093 1744 2146; x_wconf 83' lang='lat' dir='ltr'><strong>compluries</strong></span> <span class='ocrx_word' id='word_1_313' title='bbox 1773 2094 1818 2134; x_wconf 89' lang='lat' dir='ltr'><strong>in</strong></span> <span class='ocrx_word' id='word_1_314' title='bbox 1842 2095 1985 2135; x_wconf 82' lang='lat' dir='ltr'><strong>Natur.</strong></span> <span class='ocrx_word' id='word_1_315' title='bbox 2016 2094 2233 2147; x_wconf 86' lang='lat' dir='ltr'><strong>Quaestt.’&#39;</strong></span> 
     </span>
    </p>

    <p class='ocr_par' dir='ltr' id='par_1_11' title="bbox 333 2160 2391 2353">
     <span class='ocr_line' id='line_1_30' title="bbox 433 2160 2390 2216; baseline 0 -12"><span class='ocrx_word' id='word_1_316' title='bbox 433 2165 527 2204; x_wconf 73' lang='lat' dir='ltr'><strong>lam.</strong></span> <span class='ocrx_word' id='word_1_317' title='bbox 564 2176 605 2203; x_wconf 85' lang='lat' dir='ltr'><strong>v.</strong></span> <span class='ocrx_word' id='word_1_318' title='bbox 633 2164 697 2203; x_wconf 77' lang='grc' dir='ltr'><strong>2ῑι.</strong></span> <span class='ocrx_word' id='word_1_319' title='bbox 738 2168 910 2202; x_wconf 78' lang='lat' dir='ltr'><strong>atrocem</strong></span> <span class='ocrx_word' id='word_1_320' title='bbox 935 2163 1120 2201; x_wconf 83' lang='lat' dir='ltr'><strong>animum</strong></span> <span class='ocrx_word' id='word_1_321' title='bbox 1147 2160 1328 2214; x_wconf 77' lang='lat' dir='ltr'><strong>Catonis]</strong></span> <span class='ocrx_word' id='word_1_322' title='bbox 1367 2173 1448 2212; x_wconf 90' lang='lat' dir='ltr'><strong>quo</strong></span> <span class='ocrx_word' id='word_1_323' title='bbox 1480 2161 1613 2201; x_wconf 79' lang='lat' dir='ltr'><strong>fretus</strong></span> <span class='ocrx_word' id='word_1_324' title='bbox 1648 2172 1694 2201; x_wconf 89' lang='lat' dir='ltr'><strong>se</strong></span> <span class='ocrx_word' id='word_1_325' title='bbox 1719 2162 1809 2214; x_wconf 89' lang='lat' dir='ltr'><strong>ipse</strong></span> <span class='ocrx_word' id='word_1_326' title='bbox 1834 2161 2072 2204; x_wconf 85' lang='lat' dir='ltr'><strong>interficere</strong></span> <span class='ocrx_word' id='word_1_327' title='bbox 2098 2163 2247 2203; x_wconf 83' lang='lat' dir='ltr'><strong>maluit</strong></span> <span class='ocrx_word' id='word_1_328' title='bbox 2270 2176 2390 2216; x_wconf 85' lang='lat' dir='ltr'><strong>quam</strong></span> 
     </span>
     <span class='ocr_line' id='line_1_31' title="bbox 333 2227 2391 2284; baseline 0 -12"><span class='ocrx_word' id='word_1_329' title='bbox 333 2242 375 2272; x_wconf 87' lang='lat' dir='ltr'><strong>se</strong></span> <span class='ocrx_word' id='word_1_330' title='bbox 401 2230 645 2272; x_wconf 87' lang='lat' dir='ltr'><strong>submittere</strong></span> <span class='ocrx_word' id='word_1_331' title='bbox 671 2229 850 2271; x_wconf 82' lang='lat' dir='ltr'><strong>Caesari.</strong></span> <span class='ocrx_word' id='word_1_332' title='bbox 878 2230 968 2270; x_wconf 90' lang='lat' dir='ltr'><strong>Non</strong></span> <span class='ocrx_word' id='word_1_333' title='bbox 994 2233 1110 2270; x_wconf 89' lang='lat' dir='ltr'><strong>recte</strong></span> <span class='ocrx_word' id='word_1_334' title='bbox 1135 2229 1322 2270; x_wconf 86' lang='lat' dir='ltr'><strong>Di&#39;mtzer</strong></span> <span class='ocrx_word' id='word_1_335' title='bbox 1344 2227 1537 2281; x_wconf 75' lang='lat' dir='ltr'><strong>(Zeitunq</strong></span> <span class='ocrx_word' id='word_1_336' title='bbox 1561 2227 1637 2281; x_wconf 73' lang='lat' dir='ltr'><strong>fiir</strong></span> <span class='ocrx_word' id='word_1_337' title='bbox 1662 2228 2023 2271; x_wconf 81' lang='lat' dir='ltr'><strong>Alterthamswiss.</strong></span> <span class='ocrx_word' id='word_1_338' title='bbox 2057 2229 2171 2272; x_wconf 83' lang='grc'><strong>1856.</strong></span> <span class='ocrx_word' id='word_1_339' title='bbox 2201 2231 2248 2273; x_wconf 85' lang='grc' dir='ltr'><strong>Ν.</strong></span> <span class='ocrx_word' id='word_1_340' title='bbox 2280 2231 2391 2284; x_wconf 86' lang='grc'><strong>157.)</strong></span> 
     </span>
     <span class='ocr_line' id='line_1_32' title="bbox 334 2295 1563 2353; baseline -0.004 -12"><span class='ocrx_word' id='word_1_341' title='bbox 334 2298 494 2353; x_wconf 87' lang='lat' dir='ltr'><strong>accepit</strong></span> <span class='ocrx_word' id='word_1_342' title='bbox 520 2298 574 2340; x_wconf 87' lang='lat' dir='ltr'><strong>de</strong></span> <span class='ocrx_word' id='word_1_343' title='bbox 601 2298 765 2340; x_wconf 87' lang='lat' dir='ltr'><strong>Catonis</strong></span> <span class='ocrx_word' id='word_1_344' title='bbox 796 2297 1055 2339; x_wconf 89' lang='lat' dir='ltr'><strong>contumacia</strong></span> <span class='ocrx_word' id='word_1_345' title='bbox 1085 2295 1284 2338; x_wconf 89' lang='lat' dir='ltr'><strong>adversus</strong></span> <span class='ocrx_word' id='word_1_346' title='bbox 1309 2296 1563 2349; x_wconf 87' lang='lat' dir='ltr'><strong>Pompeium.</strong></span> 
     </span>
    </p>

    <p class='ocr_par' dir='ltr' id='par_1_12' title="bbox 335 2363 2389 2555">
     <span class='ocr_line' id='line_1_33' title="bbox 433 2363 2389 2418; baseline 0.001 -11"><span class='ocrx_word' id='word_1_347' title='bbox 433 2368 525 2407; x_wconf 81' lang='lat' dir='ltr'><strong>lmn.</strong></span> <span class='ocrx_word' id='word_1_348' title='bbox 566 2373 608 2407; x_wconf 78' lang='lat' dir='ltr'><strong>v.</strong></span> <span class='ocrx_word' id='word_1_349' title='bbox 635 2366 700 2407; x_wconf 90' lang='grc'><strong>25.</strong></span> <span class='ocrx_word' id='word_1_350' title='bbox 736 2364 918 2417; x_wconf 81' lang='lat' dir='ltr'><strong>cesserat]</strong></span> <span class='ocrx_word' id='word_1_351' title='bbox 959 2365 1100 2418; x_wconf 81' lang='lat' dir='ltr'><strong>Eurip.</strong></span> <span class='ocrx_word' id='word_1_352' title='bbox 1132 2364 1283 2406; x_wconf 90' lang='lat' dir='ltr'><strong>Troad.</strong></span> <span class='ocrx_word' id='word_1_353' title='bbox 1312 2364 1377 2404; x_wconf 78' lang='grc'><strong>25.</strong></span> <span class='ocrx_word' id='word_1_354' title='bbox 1405 2365 1641 2416; x_wconf 84' lang='lat' dir='ltr'><strong>Neptunus:</strong></span> <span class='ocrx_word' id='word_1_355' title='bbox 1687 2363 1847 2406; x_wconf 78' lang='grc' dir='ltr'><strong>Λείπω</strong></span> <span class='ocrx_word' id='word_1_356' title='bbox 1871 2365 1921 2409; x_wconf 88' lang='grc' dir='ltr'><strong>τὸ</strong></span> <span class='ocrx_word' id='word_1_357' title='bbox 1949 2365 2128 2409; x_wconf 75' lang='grc' dir='ltr'><strong><em>κλεινὸν</em></strong></span> <span class='ocrx_word' id='word_1_358' title='bbox 2148 2366 2276 2409; x_wconf 78' lang='grc' dir='ltr'><strong><em>Ἱλιον</em></strong></span> <span class='ocrx_word' id='word_1_359' title='bbox 2300 2368 2389 2418; x_wconf 81' lang='grc' dir='ltr'><strong>βω·</strong></span> 
     </span>
     <span class='ocr_line' id='line_1_34' title="bbox 335 2430 2384 2492; baseline 0.001 -20"><span class='ocrx_word' id='word_1_360' title='bbox 335 2433 450 2492; x_wconf 76' lang='grc' dir='ltr'><strong>μούς</strong></span> <span class='ocrx_word' id='word_1_361' title='bbox 472 2434 506 2476; x_wconf 82' lang='grc' dir='ltr'><strong>τ’</strong></span> <span class='ocrx_word' id='word_1_362' title='bbox 532 2432 689 2490; x_wconf 77' lang='grc' dir='ltr'><strong>ἐμούς.</strong></span> <span class='ocrx_word' id='word_1_363' title='bbox 714 2434 811 2472; x_wconf 89' lang='lat' dir='ltr'><strong>Tac.</strong></span> <span class='ocrx_word' id='word_1_364' title='bbox 829 2432 930 2473; x_wconf 88' lang='lat' dir='ltr'><strong>Hist.</strong></span> <span class='ocrx_word' id='word_1_365' title='bbox 950 2432 990 2481; x_wconf 89' lang='grc'><strong>5,</strong></span> <span class='ocrx_word' id='word_1_366' title='bbox 1015 2432 1077 2472; x_wconf 90' lang='grc'><strong>15.</strong></span> <span class='ocrx_word' id='word_1_367' title='bbox 1102 2454 1145 2461; x_wconf 95' lang='grc'>-</span> <span class='ocrx_word' id='word_1_368' title='bbox 1171 2431 1382 2485; x_wconf 79' lang='lat' dir='ltr'><strong>impotens]</strong></span> <span class='ocrx_word' id='word_1_369' title='bbox 1409 2430 1479 2471; x_wconf 88' lang='lat' dir='ltr'><strong>alii</strong></span> <span class='ocrx_word' id='word_1_370' title='bbox 1495 2431 1705 2483; x_wconf 82' lang='lat' dir='ltr'><strong>explicant</strong></span> <span class='ocrx_word' id='word_1_371' title='bbox 1726 2430 1937 2488; x_wconf 80' lang='grc' dir='ltr'><em>ἀκρατὴς</em></span> <span class='ocrx_word' id='word_1_372' title='bbox 1956 2434 2039 2489; x_wconf 84' lang='grc' dir='ltr'><strong>τῆς</strong></span> <span class='ocrx_word' id='word_1_373' title='bbox 2057 2432 2209 2488; x_wconf 83' lang='grc' dir='ltr'><em>ὀργῆς·</em></span> <span class='ocrx_word' id='word_1_374' title='bbox 2236 2445 2384 2474; x_wconf 88' lang='lat' dir='ltr'><strong>verum</strong></span> 
     </span>
     <span class='ocr_line' id='line_1_35' title="bbox 339 2498 2228 2555; baseline -0.002 -11"><span class='ocrx_word' id='word_1_375' title='bbox 339 2503 537 2544; x_wconf 87' lang='lat' dir='ltr'><strong>artissime</strong></span> <span class='ocrx_word' id='word_1_376' title='bbox 563 2501 750 2555; x_wconf 81' lang='lat' dir='ltr'><strong>iungitur</strong></span> <span class='ocrx_word' id='word_1_377' title='bbox 769 2501 836 2541; x_wconf 84' lang='lat' dir='ltr'><strong>vel</strong></span> <span class='ocrx_word' id='word_1_378' title='bbox 863 2511 964 2540; x_wconf 86' lang='lat' dir='ltr'><strong>sono</strong></span> <span class='ocrx_word' id='word_1_379' title='bbox 995 2511 1092 2541; x_wconf 88' lang='lat' dir='ltr'><strong>cum</strong></span> <span class='ocrx_word' id='word_1_380' title='bbox 1116 2512 1157 2540; x_wconf 90' lang='lat' dir='ltr'><strong>v.</strong></span> <span class='ocrx_word' id='word_1_381' title='bbox 1188 2505 1379 2548; x_wconf 80' lang='lat' dir='ltr'><strong>cesserat,</strong></span> <span class='ocrx_word' id='word_1_382' title='bbox 1408 2510 1486 2539; x_wconf 91' lang='lat' dir='ltr'><strong>nec</strong></span> <span class='ocrx_word' id='word_1_383' title='bbox 1515 2498 1705 2551; x_wconf 85' lang='lat' dir='ltr'><strong>pertrahi</strong></span> <span class='ocrx_word' id='word_1_384' title='bbox 1733 2505 1874 2553; x_wconf 87' lang='lat' dir='ltr'><strong>potest</strong></span> <span class='ocrx_word' id='word_1_385' title='bbox 1903 2500 1958 2541; x_wconf 91' lang='lat' dir='ltr'><strong>ad</strong></span> <span class='ocrx_word' id='word_1_386' title='bbox 1987 2514 2026 2542; x_wconf 84' lang='lat' dir='ltr'><strong>v.</strong></span> <span class='ocrx_word' id='word_1_387' title='bbox 2050 2500 2228 2541; x_wconf 72' lang='lat' dir='ltr'><strong>Retmlit.</strong></span> 
     </span>
    </p>

    <p class='ocr_par' dir='ltr' id='par_1_13' title="bbox 335 2566 2390 2758">
     <span class='ocr_line' id='line_1_36' title="bbox 437 2566 2390 2621; baseline 0 -12"><span class='ocrx_word' id='word_1_388' title='bbox 437 2571 527 2609; x_wconf 73' lang='lat' dir='ltr'><strong>lem.</strong></span> <span class='ocrx_word' id='word_1_389' title='bbox 555 2581 596 2608; x_wconf 75' lang='lat' dir='ltr'><strong>v,</strong></span> <span class='ocrx_word' id='word_1_390' title='bbox 625 2569 690 2608; x_wconf 87' lang='grc'><strong>28.</strong></span> <span class='ocrx_word' id='word_1_391' title='bbox 732 2567 966 2621; x_wconf 77' lang='lat' dir='ltr'><strong>quarthae]</strong></span> <span class='ocrx_word' id='word_1_392' title='bbox 1000 2569 1185 2607; x_wconf 83' lang='lat' dir='ltr'><strong>Di‘mtzer</strong></span> <span class='ocrx_word' id='word_1_393' title='bbox 1211 2567 1444 2619; x_wconf 88' lang='lat' dir='ltr'><strong>suspicatur</strong></span> <span class='ocrx_word' id='word_1_394' title='bbox 1476 2578 1500 2605; x_wconf 89' lang='lat' dir='ltr'><strong>a</strong></span> <span class='ocrx_word' id='word_1_395' title='bbox 1532 2566 1721 2607; x_wconf 88' lang='lat' dir='ltr'><strong>Pollione</strong></span> <span class='ocrx_word' id='word_1_396' title='bbox 1751 2568 1871 2607; x_wconf 88' lang='lat' dir='ltr'><strong>initio</strong></span> <span class='ocrx_word' id='word_1_397' title='bbox 1910 2568 2171 2607; x_wconf 84' lang='lat' dir='ltr'><strong>historiarum</strong></span> <span class='ocrx_word' id='word_1_398' title='bbox 2209 2570 2390 2609; x_wconf 83' lang='lat' dir='ltr'><strong>mentio-</strong></span> 
     </span>
     <span class='ocr_line' id='line_1_37' title="bbox 335 2632 2385 2685; baseline 0 -8"><span class='ocrx_word' id='word_1_399' title='bbox 335 2649 431 2677; x_wconf 92' lang='lat' dir='ltr'><strong>nem</strong></span> <span class='ocrx_word' id='word_1_400' title='bbox 456 2637 606 2676; x_wconf 82' lang='lat' dir='ltr'><strong>factam</strong></span> <span class='ocrx_word' id='word_1_401' title='bbox 636 2645 726 2674; x_wconf 87' lang='lat' dir='ltr'><strong>esse</strong></span> <span class='ocrx_word' id='word_1_402' title='bbox 752 2633 853 2674; x_wconf 90' lang='lat' dir='ltr'><strong>belli</strong></span> <span class='ocrx_word' id='word_1_403' title='bbox 876 2632 1130 2685; x_wconf 81' lang='lat' dir='ltr'><strong>Iugurthini;</strong></span> <span class='ocrx_word' id='word_1_404' title='bbox 1171 2633 1410 2673; x_wconf 87' lang='lat' dir='ltr'><strong>coniectura</strong></span> <span class='ocrx_word' id='word_1_405' title='bbox 1440 2644 1539 2673; x_wconf 88' lang='lat' dir='ltr'><strong>sane</strong></span> <span class='ocrx_word' id='word_1_406' title='bbox 1569 2633 1707 2682; x_wconf 86' lang='lat' dir='ltr'><strong>inani,</strong></span> <span class='ocrx_word' id='word_1_407' title='bbox 1757 2646 1855 2674; x_wconf 88' lang='lat' dir='ltr'><strong>nam</strong></span> <span class='ocrx_word' id='word_1_408' title='bbox 1884 2633 2071 2674; x_wconf 86' lang='lat' dir='ltr'><strong>Horatius</strong></span> <span class='ocrx_word' id='word_1_409' title='bbox 2100 2632 2180 2674; x_wconf 89' lang='lat' dir='ltr'><strong>hoc</strong></span> <span class='ocrx_word' id='word_1_410' title='bbox 2217 2647 2385 2677; x_wconf 78' lang='lat' dir='ltr'><strong>cannen</strong></span> 
     </span>
     <span class='ocr_line' id='line_1_38' title="bbox 335 2699 1392 2758; baseline -0.005 -13"><span class='ocrx_word' id='word_1_411' title='bbox 335 2714 584 2758; x_wconf 85' lang='lat' dir='ltr'><strong>componens</strong></span> <span class='ocrx_word' id='word_1_412' title='bbox 606 2700 801 2743; x_wconf 89' lang='lat' dir='ltr'><strong>Pollionis</strong></span> <span class='ocrx_word' id='word_1_413' title='bbox 820 2700 972 2742; x_wconf 87' lang='lat' dir='ltr'><strong>librum</strong></span> <span class='ocrx_word' id='word_1_414' title='bbox 1002 2699 1188 2743; x_wconf 88' lang='lat' dir='ltr'><strong>nondum</strong></span> <span class='ocrx_word' id='word_1_415' title='bbox 1217 2699 1392 2742; x_wconf 84' lang='lat' dir='ltr'><strong>viderat.</strong></span> 
     </span>
    </p>

    <p class='ocr_par' dir='ltr' id='par_1_14' title="bbox 336 2766 2382 2892">
     <span class='ocr_line' id='line_1_39' title="bbox 437 2766 2382 2821; baseline -0.001 -9"><span class='ocrx_word' id='word_1_416' title='bbox 437 2773 530 2812; x_wconf 81' lang='lat' dir='ltr'><strong>hun.</strong></span> <span class='ocrx_word' id='word_1_417' title='bbox 572 2783 611 2811; x_wconf 87' lang='lat' dir='ltr'><strong>v.</strong></span> <span class='ocrx_word' id='word_1_418' title='bbox 639 2769 702 2809; x_wconf 77' lang='grc' dir='ltr'><strong>ῑιΟ.</strong></span> <span class='ocrx_word' id='word_1_419' title='bbox 744 2769 887 2809; x_wconf 71' lang='lat' dir='ltr'><strong>leviore</strong></span> <span class='ocrx_word' id='word_1_420' title='bbox 913 2768 1081 2821; x_wconf 84' lang='lat' dir='ltr'><strong>plectro]</strong></span> <span class='ocrx_word' id='word_1_421' title='bbox 1124 2769 1159 2809; x_wconf 78' lang='lat' dir='ltr'>A</span> <span class='ocrx_word' id='word_1_422' title='bbox 1191 2768 1317 2808; x_wconf 90' lang='lat' dir='ltr'><strong>nimia</strong></span> <span class='ocrx_word' id='word_1_423' title='bbox 1354 2766 1527 2808; x_wconf 85' lang='lat' dir='ltr'><strong>audacia</strong></span> <span class='ocrx_word' id='word_1_424' title='bbox 1561 2768 1750 2810; x_wconf 89' lang='lat' dir='ltr'><strong>similiter</strong></span> <span class='ocrx_word' id='word_1_425' title='bbox 1777 2781 1821 2809; x_wconf 86' lang='lat' dir='ltr'><strong>se</strong></span> <span class='ocrx_word' id='word_1_426' title='bbox 1854 2770 1941 2821; x_wconf 90' lang='lat' dir='ltr'><strong>ipse</strong></span> <span class='ocrx_word' id='word_1_427' title='bbox 1978 2774 2149 2809; x_wconf 81' lang='lat' dir='ltr'><strong>revocat</strong></span> <span class='ocrx_word' id='word_1_428' title='bbox 2177 2770 2382 2811; x_wconf 88' lang='lat' dir='ltr'><strong>Pindarus</strong></span> 
     </span>
     <span class='ocr_line' id='line_1_40' title="bbox 336 2833 1642 2892; baseline -0.004 -11"><span class='ocrx_word' id='word_1_429' title='bbox 336 2840 493 2892; x_wconf 85' lang='lat' dir='ltr'><strong>Olymp.</strong></span> <span class='ocrx_word' id='word_1_430' title='bbox 526 2838 573 2886; x_wconf 88' lang='lat'><strong>9,</strong></span> <span class='ocrx_word' id='word_1_431' title='bbox 602 2837 674 2877; x_wconf 77' lang='lat'><strong>53:</strong></span> <span class='ocrx_word' id='word_1_432' title='bbox 702 2834 794 2879; x_wconf 79' lang='grc' dir='ltr'><strong>ἀπό</strong></span> <span class='ocrx_word' id='word_1_433' title='bbox 819 2849 902 2891; x_wconf 86' lang='grc' dir='ltr'><strong>μοι</strong></span> <span class='ocrx_word' id='word_1_434' title='bbox 927 2833 1062 2890; x_wconf 75' lang='grc' dir='ltr'><em>λόγον</em></span> <span class='ocrx_word' id='word_1_435' title='bbox 1085 2835 1267 2886; x_wconf 75' lang='grc' dir='ltr'><strong>τοῦτον,</strong></span> <span class='ocrx_word' id='word_1_436' title='bbox 1295 2833 1462 2890; x_wconf 76' lang='grc' dir='ltr'><em>στόμα,</em></span> <span class='ocrx_word' id='word_1_437' title='bbox 1487 2833 1642 2889; x_wconf 78' lang='grc' dir='ltr'><strong>ῥῖψον.</strong></span> 
     </span>
    </p>

    <p class='ocr_par' dir='ltr' id='par_1_15' title="bbox 337 2901 2382 3096">
     <span class='ocr_line' id='line_1_41' title="bbox 439 2901 2380 2956; baseline -0.001 -10"><span class='ocrx_word' id='word_1_438' title='bbox 439 2905 525 2946; x_wconf 89' lang='lat' dir='ltr'><strong>OD.</strong></span> <span class='ocrx_word' id='word_1_439' title='bbox 554 2905 624 2944; x_wconf 88' lang='lat'><strong>111.</strong></span> <span class='ocrx_word' id='word_1_440' title='bbox 664 2915 729 2944; x_wconf 85' lang='lat' dir='ltr'><strong>vv.</strong></span> <span class='ocrx_word' id='word_1_441' title='bbox 759 2902 800 2943; x_wconf 89' lang='grc'><strong>9.</strong></span> <span class='ocrx_word' id='word_1_442' title='bbox 831 2902 893 2942; x_wconf 87' lang='grc'><strong>10.</strong></span> <span class='ocrx_word' id='word_1_443' title='bbox 937 2902 1027 2954; x_wconf 84' lang='lat' dir='ltr'><strong>Qua</strong></span> <span class='ocrx_word' id='word_1_444' title='bbox 1048 2904 1175 2955; x_wconf 76' lang='lat' dir='ltr'><strong>pinus</strong></span> <span class='ocrx_word' id='word_1_445' title='bbox 1203 2902 1302 2954; x_wconf 90' lang='lat' dir='ltr'><strong>cet.]</strong></span> <span class='ocrx_word' id='word_1_446' title='bbox 1343 2901 1553 2943; x_wconf 81' lang='lat' dir='ltr'><strong>Similihus</strong></span> <span class='ocrx_word' id='word_1_447' title='bbox 1582 2904 1791 2944; x_wconf 84' lang='lat' dir='ltr'><strong>coloribus</strong></span> <span class='ocrx_word' id='word_1_448' title='bbox 1816 2904 1944 2943; x_wconf 87' lang='lat' dir='ltr'><strong>utitur</strong></span> <span class='ocrx_word' id='word_1_449' title='bbox 1969 2903 2138 2956; x_wconf 84' lang='lat' dir='ltr'><strong>Sappho</strong></span> <span class='ocrx_word' id='word_1_450' title='bbox 2159 2904 2233 2945; x_wconf 82' lang='lat' dir='ltr'><strong>Ed.</strong></span> <span class='ocrx_word' id='word_1_451' title='bbox 2266 2906 2380 2945; x_wconf 87' lang='lat' dir='ltr'><strong>Neue</strong></span> 
     </span>
     <span class='ocr_line' id='line_1_42' title="bbox 337 2965 2382 3028; baseline 0 -14"><span class='ocrx_word' id='word_1_452' title='bbox 337 2986 381 3027; x_wconf 90' lang='lat' dir='ltr'><strong>p.</strong></span> <span class='ocrx_word' id='word_1_453' title='bbox 413 2974 483 3014; x_wconf 88' lang='grc'><strong>58·</strong></span> <span class='ocrx_word' id='word_1_454' title='bbox 516 2970 655 3028; x_wconf 83' lang='grc' dir='ltr'><strong>Ἀμφὶ</strong></span> <span class='ocrx_word' id='word_1_455' title='bbox 680 2969 730 3013; x_wconf 85' lang='grc' dir='ltr'><strong>δὲ</strong></span> <span class='ocrx_word' id='word_1_456' title='bbox 755 2968 944 3026; x_wconf 77' lang='grc' dir='ltr'><strong><em>ψυχρὸν</em></strong></span> <span class='ocrx_word' id='word_1_457' title='bbox 969 2966 1158 3014; x_wconf 79' lang='grc' dir='ltr'><strong>κελαδεῖ</strong></span> <span class='ocrx_word' id='word_1_458' title='bbox 1174 2966 1233 3013; x_wconf 83' lang='grc' dir='ltr'><strong>δι’</strong></span> <span class='ocrx_word' id='word_1_459' title='bbox 1262 2965 1416 3013; x_wconf 64' lang='lat' dir='ltr'><strong>{iudam</strong></span> <span class='ocrx_word' id='word_1_460' title='bbox 1444 2969 1694 3021; x_wconf 74' lang='grc' dir='ltr'><strong>Μαλίνων,</strong></span> <span class='ocrx_word' id='word_1_461' title='bbox 1735 2969 2081 3025; x_wconf 65' lang='grc' dir='ltr'><strong>αἶθυσσομένων</strong></span> <span class='ocrx_word' id='word_1_462' title='bbox 2116 2967 2166 3014; x_wconf 78' lang='grc' dir='ltr'><strong>δὲ</strong></span> <span class='ocrx_word' id='word_1_463' title='bbox 2194 2971 2382 3025; x_wconf 76' lang='grc' dir='ltr'><strong><em>φύλλων</em></strong></span> 
     </span>
     <span class='ocr_line' id='line_1_43' title="bbox 337 3037 744 3096; baseline 0.005 -15"><span class='ocrx_word' id='word_1_464' title='bbox 337 3041 390 3081; x_wconf 87' lang='grc' dir='ltr'><em>Κ</em></span> <span class='ocrx_word' id='word_1_465' title='bbox 388 3042 491 3096; x_wconf 84' lang='grc' dir='ltr'><strong>ὤμα</strong></span> <span class='ocrx_word' id='word_1_466' title='bbox 517 3037 744 3094; x_wconf 80' lang='grc' dir='ltr'><strong>καταρῤεἷ.</strong></span> 
     </span>
    </p>
   </div>
  </div>
 </body>
</html>
