2832 3448
1299 226 1586 273 -5-

413 346 455 380 et
490 342 571 381 alia
607 331 860 382 Variatione:
1329 390 1333 395 .

921 409 1059 449 Oblita
1087 410 1213 449 virtius
1229 440 1240 456 ,
1269 423 1359 449 cum
1389 416 1588 451 vetustum

919 476 1093 519 Perdere
1118 488 1201 518 non
1234 478 1368 519 timuit
1389 479 1609 531 pudorem,

409 549 453 584 et
477 545 624 586 similia
654 544 859 600 permulta
885 557 969 597 per
986 548 1120 585 totum
1139 543 1262 587 huius
1280 546 1559 599 Hypercritici
1576 547 1629 587 de
1649 545 1819 586 Horatio
1837 545 2035 586 iudicium
2049 579 2059 595 ,
2088 559 2198 600 quae
2219 559 2315 587 cum
2333 550 2477 590 Latine

408 610 549 653 dicere
577 612 666 652 vix
680 610 855 652 audeam
885 622 1017 665 nugas
1050 616 1094 652 et
1117 612 1262 689 tricas,
1301 613 1471 654 Italicae
1495 612 1668 666 linguae
1698 611 1952 653 suavissimis
1973 614 2093 655 sonis
2119 615 2335 668 appellare
2361 616 2475 657 iuvat

409 679 505 721 celte
531 692 551 720 e
577 678 787 733 sandonie.

509 749 687 797 Verum,
716 748 826 802 quod
852 759 952 790 sane
979 748 1203 791 dolendum
1234 754 1319 799 est,
1348 749 1479 803 ipsius
1510 711 1709 796 Bentleii,
1752 748 1830 789 viri
1862 750 2032 798 summi,
2076 752 2340 794 coniecturae
2368 765 2476 794 non-

408 816 546 855 nullae
582 821 624 856 et
649 816 774 857 dubia
800 821 844 857 et
866 817 1211 869 reprehensiones
1239 818 1367 858 alium
1393 817 1554 857 fontem
1579 827 1665 856 non
1691 816 1932 857 habuerunt
1959 828 2085 870 quam
2106 817 2305 870 scaligeri
2320 820 2474 863 iudicia

408 888 451 922 et
484 883 623 936 iniqua
654 889 696 925 et
731 884 893 925 inania:
935 885 1032 933 etsi,
1075 896 1183 937 quae
1214 885 1437 925 Britannus
1483 883 1735 924 emendandi
1775 889 1818 924 et
1851 885 2089 938 corrigendi
2127 896 2268 925 causa-
2285 890 2467 938 protulit,

407 962 571 1004 semper
599 950 687 992 fere
718 952 904 992 acutiora
939 957 1056 1001 sunt,
1103 965 1188 993 non
1224 957 1366 993 tamen
1395 952 1575 992 veriora.
1632 952 1828 992 Ceterum
1858 964 1912 993 ex
1937 952 2067 1005 ipsius
2099 953 2302 1007 scaligeri
2338 954 2476 994 verbis

339 1012 344 1017 ⁴
407 1018 649 1071 perspicies,
693 1018 747 1059 ab
779 1030 830 1059 eo
859 1031 943 1060 non
972 1024 1200 1073 propterea*
1235 1017 1544 1073 reprehensum*
1569 1030 1660 1060 esse
1691 1018 1930 1069 Horatium,
1973 1019 2086 1073 quod
2110 1020 2352 1062 Volcanum
2380 1032 2475 1062 cum

406 1086 590 1141 Venere,
632 1086 707 1128 sed
731 1086 1047 1140 quod-eundem
1072 1100 1170 1128 cum
1200 1087 1353 1128 Gratiis
1390 1087 1656 1128 consociarit.
1711 1087 1824 1128 Scite
1868 1093 2009 1129 autem
2032 1089 2135 1137 hoc,
2181 1090 2472 1143 qualecunque

408 1160 489 1203 est,
518 1154 689 1196 dubium
715 1156 837 1197 solvit
862 1154 1090 1197 Scholiasta
1123 1155 1521 1210 Vanderburgianus
1553 1160 1596 1197 et
1626 1160 1799 1196 notante
1834 1156 1917 1196 iam
1943 1157 2192 1210 Doeringio,
2226 1157 2397 1198 Vossius
2422 1157 2477 1198 ad

407 1223 520 1277 Virg.
546 1225 696 1277 Georg.
734 1224 777 1272 1,
804 1223 896 1264 511.
933 1224 1014 1264 Vix
1043 1228 1161 1265 recte
1192 1222 1527 1277 Peerlkampius:
1575 1226 1843 1277 ‚,Leporem,
1877 1224 1950 1277 qui
1980 1229 2044 1265 est
2069 1225 2127 1265 in
2149 1224 2343 1266 absentia
2379 1224 2478 1266 boni

406 1291 563 1339 mariti,
592 1290 775 1332 imitatus
802 1293 879 1332 est'
898 1290 1090 1335 Valerius
1116 1292 1215 1332 Cato
1247 1291 1292 1331 in
1315 1290 1425 1332 Diris
1454 1303 1495 1332 v.
1523 1290 1639 1332 169?
1665 1291 1773 1344 (sive
1799 1291 1938 1345 potius
1967 1292 2012 1332 in
2045 1291 2176 1346 Lydia
2201 1304 2242 1333 v.
2265 1291 2353 1344 66.)
2384 1292 2479 1340 »Εἰ

405 1370 575 1411 quocum
602 1364 738 1398 tenera
762 1359 901 1411 gavisa
933 1364 991 1398 eat
1024 1358 1162 1398 ludere
1196 1360 1240 1397 in
1268 1358 1414 1405 herba,
1442 1359 1677 1411 Purpureos
1711 1359 1834 1411 flores
1866 1360 2020 1412 quoties
2044 1371 2167 1413 super
2200 1358 2472 1412 accumbebat,

409 1426 586 1478 Cypria,
618 1424 797 1476 formoso
810 1436 1040 1476 supponens
1061 1424 1230 1464 brachia
1256 1426 1383 1471 collo,
1419 1426 1521 1465 Tum
1540 1427 1657 1466 credo
1684 1426 1824 1479 fuerat
1845 1428 2007 1467 Mavors
2031 1427 2230 1468 distentus
2252 1428 2298 1467 in
2319 1427 2472 1473 armis,-

406 1493 514 1532 Nam
539 1496 642 1531 certe
677 1492 882 1531 Volcanus
908 1503 1008 1542 opus
1031 1490 1224 1543 faciebat
1247 1497 1284 1531 et
1321 1492 1389 1532 illi
1431 1492 1555 1532 Tristi
1581 1493 1773 1545 turpabat
1805 1494 1938 1534 malas
1972 1493 2153 1547 fuligine
2182 1493 2325 1533 barba.
2382 1492 2474 1544 Quo

406 1557 576 1611 quidem
592 1558 684 1599 loco
709 1570 776 1598 vv.
798 1558 981 1598 imitatus
995 1563 1052 1599 est
1070 1558 1316 1611 explicanda
1333 1558 1529 1599 videntur
1546 1572 1586 1600 v.
1612 1591 1640 1608 „
1653 1561 1905 1613 expressit”;
1933 1572 2031 1601 nam
2045 1563 2172 1614 poitta
2183 1561 2269 1609 ille,
2290 1560 2477 1613 quisquis

407 1626 500 1673 fuit,
509 1625 724 1665 Horatium
738 1629 853 1665 certe
866 1625 1020 1665 imitari
1033 1637 1118 1665 non
1130 1626 1280 1678 potuit,
1297 1626 1451 1679 quippe
1464 1626 1536 1678 qui
1555 1628 1764 1679 antiquior
1776 1627 1919 1667 fuerit.
1930 1627 2013 1668 Sed
2026 1627 2080 1668 de
2093 1628 2165 1667 illo
2175 1628 2338 1680 lepore,
2352 1639 2480 1679 quem

406 1693 530 1741 dicit,
559 1703 822 1744 nequaquam
853 1692 1052 1746 cogitavit
1080 1693 1287 1733 Horatius.
1340 1694 1429 1732 Hoc
1460 1693 1584 1733 dicit:
1624 1687 1778 1741 „Vere'
1799 1695 1972 1734 ineunte
1999 1695 2137 1734 omnia
2168 1694 2299 1734 veluti
2324 1704 2477 1733 novam

406 1761 535 1802 vitam
564 1760 776 1814 accipiunt
789 1774 798 1800 :
811 1760 833 1777 '’
862 1759 980 1801 cuius
1009 1759 1073 1801 rei
1098 1760 1280 1814 primum
1316 1760 1437 1801 affert
1470 1760 1673 1814 imagines
1701 1773 1754 1802 ex
1791 1773 1934 1803 rerum
1968 1766 2120 1804 natura
2145 1762 2317 1816 petitas,
2362 1772 2478 1803 mare

407 1834 613 1882 apertum,
639 1841 788 1882 greges
809 1828 863 1870 ad
880 1840 1035 1882 pascua
1052 1828 1290 1877 redeuntes,
1321 1834 1544 1877 aratorem,
1575 1829 1747 1882 pruinas
1769 1829 2035 1882 liquefactas;
2068 1830 2222 1871 deinde
2249 1829 2470 1886 μυθικὰς,

406 1898 615 1938 Venerem
640 1907 735 1938 cum
764 1896 916 1938 Gratiis
942 1894 1092 1937 choros
1122 1895 1366 1946 ducentem,
1394 1896 1626 1938 Volcanum
1661 1909 1766 1950 opus
1790 1910 1935 1939 rursus
1959 1897 2204 1946 facientem,
2244 1896 2401 1949 „qui’',
2427 1900 2475 1936 ut

408 1965 467 2004 ait
494 1962 723 2005 Scholiasta
750 1965 843 2012 ille,
884 1976 1022 2012 „vere
1051 1964 1231 2004 fabricat
1256 1964 1430 2004 fulmina
1456 1965 1566 2013 Iovi,
1605 1975 1713 2017 quae
1743 1965 1788 2004 in
1815 1969 1975 2005 aestate
1999 1965 2177 2005 mittit”:
2214 1969 2257 2004 et
2285 1963 2473 2004 similiter

407 2033 658 2073 Glareanus:
686 2033 809 2080 „Cur
829 2030 900 2071 hic
925 2032 1099 2071 Volcani
1129 2030 1201 2070 fiat
1234 2032 1411 2078 mentio,
1440 2032 1578 2069 nullus
1605 2033 1981 2071 commentatorum
2013 2033 2207 2084 explicat.
2261 2032 2348 2084 Ego
2373 2030 2470 2070 ideo

407 2105 508 2151 puto
535 2100 623 2139 eius
649 2099 884 2138 meminisse
912 2101 1077 2149 poetam
1108 2098 1186 2136 sub
1214 2097 1331 2136 verni
1362 2097 1559 2147 temporis
1585 2096 1927 2147 descriptionem,
1965 2103 2013 2136 ut
2043 2099 2129 2136 lovi
2155 2099 2333 2138 fulmina
2350 2104 2471 2150 paret

408 2166 461 2208 ad
500 2171 718 2214 aestatem,
756 2165 828 2218 qui
853 2165 1011 2213 hieme,
1047 2176 1163 2204 more
1197 2162 1469 2203 hiemantium
1508 2163 1705 2211 militum,
1741 2164 1785 2202 in
1817 2163 1994 2217 Olympo
2031 2178 2106 2206 suo
2149 2166 2337 2206 inclusus
2376 2177 2468 2205 cum

409 2235 559 2277 ceteris
586 2233 649 2275 dis
683 2232 851 2287 egregie
884 2231 1077 2286 potarit.'’
1136 2254 1177 2261 —
1233 2230 1450 2284 Egregiam
1484 2230 1657 2284 Volcani
1691 2230 1735 2271 in
1774 2229 1942 2272 officina
1988 2245 2064 2273 sua
2098 2232 2268 2274 Thetidi
2300 2233 2466 2274 Achillis

410 2307 572 2344 scutum
597 2301 847 2355 porrigentis
876 2289 1098 2353 imaginem
1125 2297 1256 2339 habes
1281 2299 1326 2338 in
1351 2299 1457 2339 Mus,
1485 2298 1661 2338 Borbon.
1690 2299 1784 2339 Vol.
1804 2299 1856 2339 X.
1885 2299 1987 2340 Tab.
2019 2301 2082 2341 18.

511 2370 605 2410 lam.
633 2382 674 2409 v.
704 2367 766 2409 16.
791 2367 1033 2421 fabulaeque
1059 2365 1212 2420 Manes]
1243 2366 1355 2407 Haec
1382 2377 1449 2406 vv.
1482 2377 1581 2406 sane
1612 2370 1660 2406 ut
1686 2378 1762 2407 nos
1804 2367 1969 2420 accepit
1998 2368 2161 2410 Seneca
2184 2368 2332 2409 Troad.
2364 2366 2461 2407 ⁸⁰5:

415 2439 598 2478 Taenara
639 2443 676 2478 et
713 2448 856 2491 aspero
887 2436 1068 2488 Reqaum
1096 2434 1169 2476 aab
1195 2428 1356 2475 domino
1387 2434 1510 2474 limen
1535 2439 1572 2474 et
1608 2433 1793 2475 obsidens
1827 2435 1969 2476 Custos
2007 2448 2091 2477 non
2122 2435 2243 2490 facili
2271 2433 2465 2475 Gen-bem

412 2507 533 2553 ostio,
562 2506 775 2546 Rumores
783 2505 898 2544 vacui
923 2503 1121 2556 verbaque
1146 2504 1292 2542 inania
1315 2502 1368 2541 Et
1389 2513 1471 2554 par
1496 2502 1678 2542 sollicito
1694 2501 1847 2555 fabul
1856 2516 1883 2543 a
1911 2505 2083 2545 somnio.

514 2576 603 2614 lmn.
629 2585 671 2614 v.
691 2574 753 2613 17.
780 2573 921 2613 domus
947 2572 1066 2612 exilis
1079 2570 1289 2623 Plutonia]
1312 2573 1418 2609 Sane
1440 2575 1540 2617 est,
1546 2570 1851 2622 ,”,sepulcrum
1876 2576 1926 2611 ιιι
1937 2572 2105 2612 Anthol.
2124 2572 2208 2610 Pal.
2228 2571 2281 2609 11.
2300 2582 2346 2622 p.
2360 2570 2461 2611 806:

402 2640 480 2695 Ὄς
510 2654 661 2695 σφισι
669 2637 814 2683 τωσδε
838 2638 1026 2693 τάφως
1053 2637 1297 2688 ἐνεωσατο,
1306 2636 1493 2694 τείχισε
1517 2600 1568 2679 δ’
1594 2634 1648 2680 “A
1664 2653 1683 2680 ι
1700 2634 1731 2679 δ
1747 2654 1778 2681 α
1794 2653 1839 2681 ν
1854 2640 1946 2681 κτλ.

515 2710 602 2751 OD.
630 2709 681 2748 V
703 2720 747 2748 V.
770 2709 807 2749 l.
833 2710 879 2748 in
897 2707 1006 2761 rosa]
1026 2708 1207 2754 Martini.
1231 2708 1278 2756 8,
1308 2708 1380 2753 87,
1405 2707 1452 2746 2.
1481 2706 1620 2752 Liber,
1647 2719 1693 2746 m
1717 2713 1884 2747 aeterna
1905 2710 2031 2747 vivere
2051 2707 2170 2758 diyne
2196 2718 2308 2746 rosa.

517 2779 611 2817 11³1».
644 2789 683 2815 v.
711 2775 749 2814 2.
786 2775 916 2828 uryet]
957 2776 1105 2827 Utique
1129 2775 1183 2816 de
1209 2786 1362 2815 venere
1389 2773 1694 2826 explicandmn.
1748 2775 1954 2827 Aristoph.
1982 2775 2046 2812 Fr.
2072 2772 2159 2812 116.
2190 2773 2317 2813 Dind.
2343 2775 2459 2813 Ροὲι.

412 2858 469 2885 sc.
498 2857 540 2896 p.
577 2844 671 2885 155:
711 2839 864 2894 ‘'Omcg·
891 2843 940 2885 ἐν
964 2840 1220 2899 ἡδυόσμοις
1246 2841 1494 2898 Στρώμασι
1518 2840 1809 2899 παννυχίζων
1834 2842 1914 2897 τὴν
1938 2839 2182 2883 δέσποιναν
2206 2839 2460 2895 ἐρείδεις.

411 2911 662 2965 Pomponius
691 2912 847 2952 Bonon.
872 2922 940 2964 ap.-
969 2911 1099 2953 Bothe
1119 2912 1236 2954 Post.
1257 2912 1367 2953 Com.
1391 2924 1432 2963 p.
1461 2909 1558 2951 415:
1585 2910 1728 2952 Nescio
1752 2912 1843 2964 quis
1867 2915 2009 2961 urget
2028 2909 2168 2956 ellam,
2195 2923 2275 2962 qua
2300 2911 2459 2956 asinus,

413 2991 580 3021 uxorem
612 2983 737 3019 tuam.

515 3049 608 3087 lum.
635 3057 676 3085 V.
712 3047 774 3086 ll.
819 3057 946 3088 aurae
968 3046 1181 3101 Fallacia]
1203 3047 1286 3088 Cic'.
1315 3046 1432 3087 Verr.
1466 3045 1624 3087 AccuS.
1649 3046 1691 3095 1,
1718 3046 1786 3095 15,
1815 3045 1887 3086 55:
1920 3044 1999 3085 sibi
2030 3056 2213 3086 auram
2236 3056 2350 3098 posse
2374 3045 2457 3085 ali-

412 3114 534 3153 buam
558 3114 709 3166 afflare
738 3115 784 3153 in
808 3114 881 3154 hoc
906 3116 1076 3156 erimine
1101 3115 1377 3156 voluntatis
1399 3125 1539 3154 eorum
1559 3118 1638 3154 cet.
