2832 3448
1206 163 1527 215 ...31-

360 300 362 302 -
444 278 551 318 SAT.
601 280 688 319 Vll.
721 279 833 319 v.·5.
884 278 1126 331 tonsoribus]
1164 278 1371 333 Aristoph.
1412 280 1519 320 Plut.
1561 280 1663 320 557:
1710 278 1845 336 λόγος
1885 279 1928 335 y'
1955 274 2016 336 ἧν
2041 304 2060 313 ·
2086 304 2105 312 -
2130 279 2278 333 πολὺς
2298 280 2397 324 Ἐπὶ

340 344 458 387 τοῖσι
484 345 747 401 κουρείοισι·
761 345 848 388 τῶν
874 345 1157 401 καθημένων.

441 430 532 470 lum.
571 443 611 471 v.
647 429 709 470 16.
742 430 929 472 Diomedi
956 429 1058 470 Cum
1080 429 1201 483 Lycio
1229 430 1399 484 Glauco]
1431 430 1586 472 Eadem
1614 431 1924 483 comparatione
1962 436 2112 484 quater
2142 431 2277 472 utitur
2311 432 2396 471 Ma-

340 496 471 540 ximus
500 499 598 552 Tyr.
631 497 736 538 Diss.
763 498 810 548 5,
833 498 872 539 5.
901 497 942 546 3,
970 497 1009 538 5.
1040 496 1104 547 59,
1139 498 1175 538 1.
1203 498 1267 548 110.
1295 499 1333 539 1.
1387 499 1491 538 ltem
1521 498 1771 539 Plutarchus
1800 498 1894 538 adv.
1914 499 2071 540 Stoicos
2102 500 2164 539 11.
2220 498 2399 540 Videtur

337 565 487 607 usitata
514 565 641 610 ruisse
666 565 709 606 in
740 565 898 607 Scholis
918 564 1270 619 philosophorum.

438 650 531 689 lum.
564 660 630 689 vv.
661 650 720 691 19.
754 650 819 691 20.
848 660 931 702 par
948 671 997 680 -
1018 672 1061 678 —
1080 649 1368 702 Compositum]
1400 651 1559 689 Seneca
1585 649 1637 690 de
1662 649 1829 689 Provid.
1860 651 1907 688 lt:
1943 650 2215 702 anominia'm
2237 653 2396 691 iudicat

344 717 551 769 aladiator
580 729 668 756 cum
694 717 891 771 inferiore
917 719 1162 770 componi.

437 801 528 840 lem.
568 813 604 840 ν.
634 802 697 841 51.
732 801 912 854 aniculus]
952 801 1034 841 Cfr.
1067 799 1277 853 Aristoph.
1304 801 1380 840 Av.
1413 799 1504 838 507.
1535 797 1662 838 Bekk.
1701 799 1991 851 proverbium:
2040 797 2207 847 κόκκυ,
2245 802 2394 851 ψωλοὶ

338 864 553 910 πεδίονδε.

436 952 542 992 SAT.
575 953 681 992 V111.
730 965 769 992 v.
807 952 845 993 9.
898 953 1117 993 Conservus
1159 953 1237 993 vili
1265 952 1473 1005 portanda
1512 951 1672 991 locabat
1709 953 1755 990 in
1796 949 1911 1002 arca]
1958 950 2080 1003 Apud
2114 952 2395 992 Furlanettum

335 1019 473 1058 Iseriz.
505 1020 591 1060 Est.
620 1032 662 1072 p.
690 1020 787 1059 iltlt:
836 1019 1118 1061 TROPHIMO
1140 1020 1251 1059 LIB.
1285 1018 1582 1059 FABIANVS.
1623 1017 1734 1059 GOS.
1772 1017 2047 1069 (conservus,
2088 1030 2195 1066 non,
2224 1024 2272 1059 ut
2297 1020 2396 1060 olim

333 1086 594 1139 explicabant
626 1087 790 1128 Consul.
825 1087 908 1128 Cfr.
940 1089 1069 1129 Inscr.
1094 1099 1150 1128 m.
1182 1090 1272 1129 Lat.
1304 1088 1352 1128 N.
1382 1086 1499 1128 2790.
1534 1086 1635 1138 cet.)

431 1171 523 1210 lem.
553 1182 592 1210 v.
626 1171 689 1210 117.
736 1177 779 1210 at
798 1171 895 1211 illae
922 1183 1083 1212 currere
1105 1172 1151 1210 in
1178 1170 1341 1223 Urbem]
1383 1171 1501 1210 Horti
1527 1170 1639 1211 enim
1668 1169 1983 1216 Maecenatiani‚
2017 1169 2091 1209 uhi
2115 1181 2241 1210 scena
2270 1169 2393 1211 huius

331 1237 568 1292 tragoediae
599 1238 696 1288 fuit,
726 1243 844 1280 extra
874 1238 1024 1279 urbem
1046 1242 1168 1279 erant
1193 1249 1443 1291 quamquam
1468 1238 1514 1278 in
1543 1238 1732 1291 proxima
1762 1237 1928 1277 vicinia.
1982 1236 2100 1278 Philo
2129 1237 2182 1278 de
2208 1240 2307 1292 Leg.
2342 1240 2394 1279 ad

331 1306 473 1346 Caium
498 1318 541 1359 p.
575 1306 687 1347 1040.
735 1307 950 1348 Francof.:
1001 1304 1417 1363 μεταπεμψάμενος
1440 1305 1548 1359 τούς
1573 1303 1698 1348 δυεῖν
1720 1303 1882 1361 κήπων
1907 1304 2207 1361 ἐπιτρόπους,
2240 1308 2323 1350 τοῦ
2348 1322 2395 1349 τε

328 1371 559 1429 Μαικήνα
581 1373 661 1415 καὶ
685 1373 862 1429 Λαμία·
889 1372 1087 1427 πλησίον
1111 1371 1160 1416 δέ
1187 1374 1307 1416 εἰσιν·
1328 1371 1534 1429 ἀλλήλων
1560 1388 1606 1416 τε
1632 1372 1727 1415 καὶ
1753 1374 1850 1428 τῆς
1878 1372 2106 1426 πόλεως.
2160 1375 2243 1415 Cir.
2280 1377 2389 1416 Mar-

330 1441 470 1481 cilium
496 1439 549 1481 ad
573 1441 657 1480 Sat.
683 1441 729 1489 2,
759 1440 797 1481 6.
826 1453 868 1494 p.
905 1441 993 1481 110.
1023 1440 1065 1480 b.
1099 1440 1173 1481 Ed.
1199 1441 1329 1481 Paris.
1364 1439 1477 1481 1605.

431 1525 525 1565 lmn.
559 1536 598 1563 v.
630 1523 694 1564 612.
729 1524 782 1563 Et
797 1536 985 1576 pressare
1005 1523 1147 1577 manu]
1176 1525 1227 1564 V.
1251 1536 1439 1577 pressare
1469 1529 1629 1568 certum
1655 1526 1891 1578 exemplum
1924 1530 1988 1566 est
2019 1525 2132 1578 apud
2153 1527 2391 1566 Lucretium

328 1591 373 1639 7⁴,
402 1589 522 1631 1103.-
552 1596 781 1644 pressantes
809 1591 994 1632 dentibus
1021 1603 1119 1640 ora,·
1161 1590 1220 1632 sic
1247 1591 1371 1631 etiam
1403 1591 1502 1631 Cod.
1531 1592 1747 1645 Pomponii
1777 1592 1894 1632 Laeti
1930 1603 2058 1631 manu
2085 1593 2265 1643 scriptus
2295 1597 2337 1630 et
2371 1604 2395 1629 a

328 1669 395 1698 me
421 1658 616 1706 collatus3
648 1656 727 1699 nec
753 1670 870 1699 error
899 1659 1070 1699 subesse
1095 1663 1246 1713 potest.
1770 1658 1772 1660 ’

430 1742 523 1783 lmn.
562 1754 602 1783 v.
636 1743 700 1783 71.
739 1754 829 1783 sum
853 1743 999 1795 paullo
1037 1742 1259 1796 infirmior]
1306 1742 1436 1789 Simili
1478 1743 1685 1798 εἰρωνείᾳ
1727 1743 1914 1784 Panthea
1953 1743 2065 1796 apud
2100 1744 2267 1783 Lucian.
2313 1745 2393 1781 Pro

328 1810 478 1862 imagg.
512 1810 557 1848 7:
591 1808 715 1853 πάνυ
740 1809 795 1852 τὰ
820 1809 942 1864 πρὸς
967 1810 1075 1863 τοὺς
1101 1810 1243 1863 θεοὺς
1270 1808 1622 1867 δεισιδαιμόνως
1653 1810 1732 1852 καὶ
1761 1808 2012 1864 ψοφοδεῶς
2041 1811 2149 1867 ἔχω.

429 1893 523 1932 LIB.
556 1895 606 1933 11.
636 1895 744 1933 SAT.
781 1895 814 1934 1.
847 1907 887 1934 v.
917 1894 980 1934 51.
1014 1907 1141 1946 neque
1158 1917 1200 1924 —
1221 1917 1264 1924 —
1285 1907 1466 1947 umquam
1478 1894 1708 1935 Deoua-rens
1726 1894 1827 1946 alio]
1855 1894 2066 1935 Bentleius
2082 1894 2183 1947 legit
2204 1905 2387 1945 usquam,-

329 1959 402 2001 sed
429 1972 524 2001 cum
553 1960 669 2002 locus
699 1959 921 2002 definiatur
943 1974 984 2002 v.
1018 1961 1125 2008 alio,
1157 1964 1363 2014 praestat,
1405 1965 1453 2001 ut
1484 1960 1609 2002 etiam
1647 1965 1811 2014 tempus
1834 1958 2092 2016 significetur
2118 1972 2159 2004 v.
2186 1971 2363 2014 anquam
2378 1974 2390 2009 ‚-

328 2038 498 2080 usquam
524 2027 607 2067 alio
634 2028 808 2067 otiosum
834 2031 909 2067 est.
934 2027 1022 2067 Hoc
1054 2032 1192 2068 tamen
1217 2026 1452 2078 exemplum
1469 2026 1722 2066 Forcellinus
1746 2026 1868 2067 affert
1890 2028 1934 2067 in
1958 2040 1997 2067 v.
2029 2040 2224 2080 usquam,
2252 2028 2383 2067 altera

328 2095 504 2134 lectione
548 2105 631 2133 non
661 2098 909 2139 memorata,
956 2098 1002 2132 ut
1039 2104 1165 2144 saepe
1198 2093 1243 2131 in
1278 2093 1478 2144 exemplis
1514 2093 1768 2139 Horatianis;
1811 2098 1936 2144 atque
1976 2094 2142 2147 omnino
2186 2107 2388 2146 perquam

330 2162 511 2213 optabile
536 2173 625 2201 esse
651 2161 780 2208 duco,
810 2166 857 2200 ut
881 2162 925 2199 in
948 2172 1056 2199 novo
1083 2161 1221 2210 aliquo
1247 2160 1477 2199 Latinitatis
1502 2160 1654 2199 Lexico
1694 2160 1980 2212 componendo
2006 2161 2245 2204 accuratius
2269 2173 2390 2213 quam

333 2228 466 2267 adhue
495 2228 653 2267 factum
684 2233 748 2267 est
781 2227 1028 2278 respiciatur
1049 2226 1244 2266 Horatius
1269 2230 1439 2276 totaque
1465 2226 1553 2266 eius
1579 2224 1752 2279 κρίσις.
1977 2278 1985 2285 ,

431 2296 524 2335 lmn.
556 2308 596 2335 v.
624 2295 688 2335 75.
723 2294 846 2346 Infra
870 2293 1004 2334 Lucili
1028 2291 1205 2345 censum]
1244 2292 1399 2333 Collato
1429 2291 1587 2333 Velleio
1614 2292 1640 2333 2
1653 2324 1664 2342 ‚
1696 2293 1761 2335 29.
1787 2285 2044 2346 probabilius
2086 2299 2151 2335 est
2175 2294 2380 2342 Luciliam,

335 2368 504 2410 matrem
532 2363 605 2406 Cn.
639 2361 826 2416 Pompeii
855 2360 1014 2415 Magni,
1043 2359 1170 2403 fuisse
1197 2358 1323 2401 filiam
1355 2359 1495 2401 fratris
1522 2360 1691 2413 poetae,
1721 2360 1832 2402 iuius
1863 2360 2011 2402 Lucilii
2025 2357 2031 2364 '
2045 2360 2238 2410 fortasse,
2270 2361 2387 2403 cuius

336 2429 515 2472 meminit
541 2429 685 2471 Cicero
716 2428 768 2471 de
794 2428 908 2471 Orat.
936 2428 981 2478 2,
1014 2427 1077 2469 70.
1124 2427 1207 2469 Cir.
1244 2426 1443 2482 Borghesi
1476 2428 1698 2468 Dissertaz.
1732 2429 1825 2468 dell’
1856 2430 1985 2468 Acad.
2029 2430 2140 2469 Rom.
2172 2430 2386 2469 d’areheol.

336 2498 425 2538 Vol.
455 2497 538 2538 Vll.
573 2509 615 2550 p.
651 2498 740 2537 177.

436 2566 539 2605 SAT.
569 2566 619 2604 11.
666 2576 706 2603 v·
737 2565 774 2603 2.
828 2563 977 2615 Ofella]
1035 2563 1163 2602 Simili
1202 2561 1301 2602 huic
1330 2562 1505 2615 sapienti
1542 2563 1753 2602 rusticano
1783 2563 1863 2603 fuit
1901 2566 2014 2617 Myro
2043 2564 2111 2602 ille
2141 2561 2383 2610 Chenensis,

337 2645 461 2685 quem
488 2644 614 2673 unmn
638 2631 748 2672 inter
779 2631 957 2672 Graecos
994 2629 1220 2671 admiratus
1258 2641 1348 2671 esse
1386 2629 1517 2670 fertur
1548 2630 1797 2672 Anacharsis
1828 2642 1881 2671 ex
1910 2635 2049 2670 vetere
2082 2629 2237 2671 fabella
2275 2631 2386 2685 apud

335 2700 552 2743 Maximum
580 2699 675 2753 Tyr.
704 2698 775 2747 51,
811 2699 849 2738 1.
883 2708 1018 2750 neque
1045 2697 1169 2752 longe
1200 2702 1358 2739 remota
1395 2701 1457 2737 est
1491 2696 1545 2736 ab
1589 2696 1751 2738 Ofellae
1783 2699 1866 2737 vita
1905 2702 1988 2736 tota
2028 2697 2099 2736 illa
2139 2704 2385 2739 venatorum

334 2768 488 2810 familia
522 2767 631 2822 apud
654 2767 828 2807 Dionem
859 2764 1066 2819 chrysost.
1102 2765 1174 2806 Or.
1207 2767 1246 2806 7.
1260 2796 1271 2815 ‚
1310 2765 1426 2804 cuius
1449 2764 1634 2817 priorem
1661 2771 1822 2819 partem
1855 2761 2077 2806 εἶδύλλιον
2102 2767 2379 2813 venatorium,

335 2842 379 2878 et
402 2837 615 2890 egregium
639 2834 805 2887 quidem
819 2865 830 2882 ‚
859 2833 1006 2874 merito
1035 2833 1203 2875 dixeris.
1233 2857 1274 2865 —
1309 2834 1502 2874 Ceterum
1521 2832 1658 2887 Ofella
1684 2833 1848 2875 videtur
1877 2845 2005 2874 unum
2027 2833 2080 2874 de
2108 2833 2278 2876 Graecis
2304 2835 2385 2876 illis

335 2902 644 2959 cognominibus
669 2900 780 2955 apud
808 2902 1010 2943 Romanos
1035 2901 1197 2943 usitatis
1227 2901 1290 2954 (ut
1326 2899 1506 2948 Orestes,
1543 2901 1783 2954 Philippus,
1816 2901 2113 2954 Damasippus,
2147 2901 2387 2955 Spinther-s)

336 2976 451 3014 corte
472 2968 688 3025 Ὀφέλλαν
713 2973 914 3011 memorat
934 2967 1206 3022 Apollodorus
1232 2967 1441 3022 Carystius
1464 2967 1509 3008 in
1531 2967 1662 3010 Grotii
1675 2969 1771 3009 Exc.
1791 2980 1832 3022 p.
1852 2967 1958 3017 805..
1988 2972 2135 3010 contra
2155 2966 2386 3023 Ὀφέλλιον

338 3037 637 3090 (gladiatorem,
662 3044 710 3080 ut
733 3036 938 3089 videturz)
963 3036 1124 3081 Arrian.
1158 3037 1289 3090 Epict.
1323 3036 1372 3086 5,
1405 3037 1477 3085 22,
1509 3036 1572 3076 2'7.
